
  
  
  
  
 
  
  <record xsi:schemaLocation="http://www.loc.gov/MARC21/slim http://www.loc.gov/standards/marcxml/schema/MARC21slim.xsd">
      <leader>00000cam  2200661 a 4500</leader>
      <controlfield tag="FMT">BK</controlfield>
      <controlfield tag="LDR">00000cam  2200661 a 4500</controlfield>
      <controlfield tag="001">004135469</controlfield>
      <controlfield tag="003">OCoLC</controlfield>
      <controlfield tag="005">20150504111330.0</controlfield>
      <controlfield tag="008">150504s2009    cc ab    b    000 0 chi d</controlfield>
      <datafield tag="010" ind1=" " ind2=" ">
         <subfield code="a">2010394644</subfield>
      </datafield>
      <datafield tag="020" ind1=" " ind2=" ">
         <subfield code="a">9787100058834</subfield>
      </datafield>
      <datafield tag="020" ind1=" " ind2=" ">
         <subfield code="a">710005883X</subfield>
      </datafield>
      <datafield tag="035" ind1=" " ind2=" ">
         <subfield code="a">(OCoLC)470696706</subfield>
      </datafield>
      <datafield tag="040" ind1=" " ind2=" ">
         <subfield code="a">CNPIT</subfield>
         <subfield code="b">eng</subfield>
         <subfield code="c">CNPIT</subfield>
         <subfield code="d">DLC</subfield>
         <subfield code="d">CUY</subfield>
         <subfield code="d">CIBTC</subfield>
         <subfield code="d">OCLCF</subfield>
         <subfield code="d">OCLCO</subfield>
         <subfield code="d">ZYU</subfield>
         <subfield code="d">NNU</subfield>
      </datafield>
      <datafield tag="042" ind1=" " ind2=" ">
         <subfield code="a">lccopycat</subfield>
      </datafield>
      <datafield tag="043" ind1=" " ind2=" ">
         <subfield code="a">a-cc---</subfield>
      </datafield>
      <datafield tag="050" ind1="0" ind2="0">
         <subfield code="a">DS748.18</subfield>
         <subfield code="b">.L525 2009</subfield>
      </datafield>
      <datafield tag="066" ind1=" " ind2=" ">
         <subfield code="c">$1</subfield>
      </datafield>
      <datafield tag="100" ind1="1" ind2=" ">
         <subfield code="6">880-01</subfield>
         <subfield code="a">Li, Meitian.</subfield>
      </datafield>
      <datafield tag="245" ind1="1" ind2="0">
         <subfield code="6">880-02</subfield>
         <subfield code="a">Wei Jin Bei chao mu zang de kao gu xue yan jiu /</subfield>
         <subfield code="c">Li Meitian zhu.</subfield>
      </datafield>
      <datafield tag="246" ind1="1" ind2=" ">
         <subfield code="i">Colophon title also in pinyin:</subfield>
         <subfield code="a">WeiJin Beichao muzang de kaoguxue yanjiu</subfield>
      </datafield>
      <datafield tag="250" ind1=" " ind2=" ">
         <subfield code="6">880-03</subfield>
         <subfield code="a">Di 1 ban.</subfield>
      </datafield>
      <datafield tag="260" ind1=" " ind2=" ">
         <subfield code="6">880-04</subfield>
         <subfield code="a">Beijing :</subfield>
         <subfield code="b">Shang wu yin shu guan,</subfield>
         <subfield code="c">2009.</subfield>
      </datafield>
      <datafield tag="300" ind1=" " ind2=" ">
         <subfield code="a">2, ii, 243 :</subfield>
         <subfield code="b">ill., map ;</subfield>
         <subfield code="c">21 cm.</subfield>
      </datafield>
      <datafield tag="490" ind1="1" ind2=" ">
         <subfield code="6">880-05</subfield>
         <subfield code="a">Beijing shi fan da xue shi xue wen ku =</subfield>
         <subfield code="a">Beijing shifan daxue shixue wenku</subfield>
      </datafield>
      <datafield tag="504" ind1=" " ind2=" ">
         <subfield code="a">Includes bibliographical references (p. [218]-240).</subfield>
      </datafield>
      <datafield tag="520" ind1=" " ind2=" ">
         <subfield code="6">880-06</subfield>
         <subfield code="a">Ben shu suo zhi de Wei Jin Nan Bei chao, zhu yao zhi Cao Wei, Xi Jin, Shi Liu Guo, Dong (Xi) Wei, Bei Qi (Zhou) shi qi, shi jian shang da zhi cong Huang chu yuan nian (220) Cap Pi jian Wei, zhi Kaihuang yuan nian (581) Sui dai, dan wei le bao chi yi xie zhong yao mu zang zi liao de yan xu xing, ci shi jian fan wei jiang hui qian hou lue you yan shen, di yu shang bao kuo jin tian bei fang di qu de Nei Menggu, Shanxi, Hebei, Henan, Shandong, Shanxi, Ningxia deng sheng, shi, zizhiqu. San shi ji zhong ye yi hou, lai zi Bei Ya de ge shao shu min zu fen fen jin ru Zhongyuan, jian li zheng quan, tong shi ye dai lai le jong yi yue Zhongyuan chuan tong wen hua he yi shi. Zhe xie wai lai wen hua yu yi Han wen hua wei zhu ti de Zhongyuan wen hua, jing guo jin 3 ge shi ji de hu xiang shen tou he hu xiang ying xiang, cu cheng le Zhongguo zhong gu she hui de bian qian, bing zhu jian wan cheng le you Han zhi Tang wen hua de guo du, jie yu Han Tang liang ge da yi tong wang chao zhi jian de Nan Bei chao shi qi (3-6 shi ji), Zhongguo she hui dao di fa sheng le zeng yang de bian hua? Bei fang shao shu min zu dai gei Zhongguo she hui shi me yang de chong ji? Han wen hua chuan tong shi ru he yu wai lai wen hua rong he bin xiang Sui Tang wen hua shan bian de ? Zhe xie dou shi Zhongguo zhong gu she hui yan jiu zhong de zhong yao ke ti, ye shi Zhongguo kao gu xue zhe chang qi zhi li si kao de wen ti.</subfield>
      </datafield>
      <datafield tag="651" ind1=" " ind2="0">
         <subfield code="a">China</subfield>
         <subfield code="x">Antiquities.</subfield>
      </datafield>
      <datafield tag="650" ind1=" " ind2="0">
         <subfield code="a">Tombs</subfield>
         <subfield code="z">China</subfield>
         <subfield code="x">History</subfield>
         <subfield code="y">To 1500.</subfield>
      </datafield>
      <datafield tag="650" ind1=" " ind2="7">
         <subfield code="a">Antiquities.</subfield>
         <subfield code="2">fast</subfield>
         <subfield code="0">(OCoLC)fst00810745</subfield>
      </datafield>
      <datafield tag="650" ind1=" " ind2="7">
         <subfield code="a">Tombs.</subfield>
         <subfield code="2">fast</subfield>
         <subfield code="0">(OCoLC)fst01152439</subfield>
      </datafield>
      <datafield tag="651" ind1=" " ind2="7">
         <subfield code="a">China.</subfield>
         <subfield code="2">fast</subfield>
         <subfield code="0">(OCoLC)fst01206073</subfield>
      </datafield>
      <datafield tag="648" ind1=" " ind2="7">
         <subfield code="a">To 1500</subfield>
         <subfield code="2">fast</subfield>
      </datafield>
      <datafield tag="655" ind1=" " ind2="7">
         <subfield code="a">History.</subfield>
         <subfield code="2">fast</subfield>
         <subfield code="0">(OCoLC)fst01411628</subfield>
      </datafield>
      <datafield tag="880" ind1="1" ind2=" ">
         <subfield code="6">100-01/</subfield>
         <subfield code="a">李梅田.</subfield>
      </datafield>
      <datafield tag="880" ind1="1" ind2="0">
         <subfield code="6">245-02/</subfield>
         <subfield code="a">魏晋北朝墓葬的考古学研究 /</subfield>
         <subfield code="c">李梅田著.</subfield>
      </datafield>
      <datafield tag="880" ind1=" " ind2=" ">
         <subfield code="6">250-03/</subfield>
         <subfield code="a">第 1 版.</subfield>
      </datafield>
      <datafield tag="880" ind1=" " ind2=" ">
         <subfield code="6">260-04/</subfield>
         <subfield code="a">北京 :</subfield>
         <subfield code="b">商務印書館,</subfield>
         <subfield code="c">2009.</subfield>
      </datafield>
      <datafield tag="880" ind1="1" ind2=" ">
         <subfield code="6">490-05/</subfield>
         <subfield code="a">北京师范大学史学文库 =</subfield>
         <subfield code="a">Beijing shifan daxue shixue wenku</subfield>
      </datafield>
      <datafield tag="880" ind1=" " ind2=" ">
         <subfield code="6">520-06/</subfield>
         <subfield code="a">本书所指的魏晋北朝,主要指曹魏,西晋,十六国,北魏,东(西)魏,北齐(周)时期,时间上大致从黄初元年(220)曹丕建魏,至开皇元年(581)隋代北周,但为了保持一些重要墓葬资料的延续性,此时间范围将会前后略有延伸. 地域上包括今天北方地区的内蒙古, 山西, 河北, 北京, 河南, 山东, 陕西, 宁夏等省, 市, 自治区. 三世纪中叶以后, 来自北亚的各少数民族纷纷进入中原, 建立政权, 同时也带来了迥异于中原传统的文化和艺术. 这些外来文化与以汉文化为主体的中原文化, 经过近3个世纪的互相渗透和互相影响, 促成了中国中古社会的变迁, 并逐渐完成了由汉至唐文化的过渡, 介于汉唐两个大一统王朝之间的南北朝时期 (3-6世纪), 中国社会到底发生了怎样的变化? 北方少数民族带给中国社会什么样的冲击? 汉文化传统是如何与外来文化融合并向隋唐文化嬗变的? 这些都是中国中古社会研究中的重要课题, 也是中国考古学者长期致力思考的问题.</subfield>
      </datafield>
      <datafield tag="830" ind1=" " ind2="0">
         <subfield code="a">Beijing shi fan da xue shi xue wen ku</subfield>
         <subfield code="6">880-07</subfield>
      </datafield>
      <datafield tag="880" ind1=" " ind2="0">
         <subfield code="6">830-07/</subfield>
         <subfield code="a">北京师范大学史学文库.</subfield>
      </datafield>
      <datafield tag="994" ind1=" " ind2=" ">
         <subfield code="a">Z0</subfield>
         <subfield code="b">ZYU</subfield>
      </datafield>
      <datafield tag="OWN" ind1=" " ind2=" ">
         <subfield code="a">GENERAL</subfield>
      </datafield>
      <datafield tag="AVA" ind1=" " ind2=" ">
         <subfield code="a">NYU50</subfield>
         <subfield code="b">NISAW</subfield>
         <subfield code="c">Small Collection</subfield>
         <subfield code="d">DS748.18 .L525 2009</subfield>
         <subfield code="e">available</subfield>
         <subfield code="t">Available</subfield>
         <subfield code="f">1</subfield>
         <subfield code="g">0</subfield>
         <subfield code="h">N</subfield>
         <subfield code="i">0</subfield>
         <subfield code="j">SMALL</subfield>
         <subfield code="k">0</subfield>
      </datafield>
      <marc:datafield tag="852" ind1=" " ind2=" ">
         <marc:subfield code="b">Institute for the Study of the Ancient World, </marc:subfield>
         <marc:subfield code="c">Small Collection</marc:subfield>
         <marc:subfield code="e">15 East 84th St., </marc:subfield>
         <marc:subfield code="e">New York, NY  10028</marc:subfield>
      </marc:datafield>
   </record>