
  
  
  
  
  
  
 
  
  <record xsi:schemaLocation="http://www.loc.gov/MARC21/slim http://www.loc.gov/standards/marcxml/schema/MARC21slim.xsd">
      <leader>00000nam a22      a 4500</leader>
      <controlfield tag="FMT">BK</controlfield>
      <controlfield tag="LDR">00000nam a22      a 4500</controlfield>
      <controlfield tag="001">004135485</controlfield>
      <controlfield tag="005">20150504151236.0</controlfield>
      <controlfield tag="008">150504s1950    is            000 0 heb d</controlfield>
      <datafield tag="040" ind1=" " ind2=" ">
         <subfield code="a">NNU</subfield>
         <subfield code="b">eng</subfield>
         <subfield code="c">NNU</subfield>
      </datafield>
      <datafield tag="043" ind1=" " ind2=" ">
         <subfield code="a">aw-----</subfield>
      </datafield>
      <datafield tag="050" ind1=" " ind2="4">
         <subfield code="a">KL732</subfield>
         <subfield code="b">.E94 1950</subfield>
      </datafield>
      <datafield tag="245" ind1="0" ind2="4">
         <subfield code="6">880-01</subfield>
         <subfield code="a">Ha-'Eved be-ḥuṿḳe ha-Mizraḥ ha-ḳadmvon.</subfield>
      </datafield>
      <datafield tag="260" ind1=" " ind2=" ">
         <subfield code="6">880-02</subfield>
         <subfield code="a">[Yerushalayim :</subfield>
         <subfield code="b">ha-ʼUniversiṭah ha-ʻIvrit bi-Yerushalayim. Ha-Makhon le-limude Asyah ve-'Afriḳah,</subfield>
         <subfield code="c">[71-?, 195-?].</subfield>
      </datafield>
      <datafield tag="300" ind1=" " ind2=" ">
         <subfield code="a">7 leaves ;</subfield>
         <subfield code="c">25 cm.</subfield>
      </datafield>
      <datafield tag="500" ind1=" " ind2=" ">
         <subfield code="a">Cover title.</subfield>
      </datafield>
      <datafield tag="505" ind1="8" ind2=" ">
         <subfield code="6">880-03</subfield>
         <subfield code="a">Ha-tokhen: a. Huḳe 'Ashnuna -- b. Huḳe Lifit-ʼAshtar -- c. Huḳe Hamurapi -- d. Huḳe 'Ashur -- e. Huḳe Hitiyim.</subfield>
      </datafield>
      <datafield tag="500" ind1=" " ind2=" ">
         <subfield code="a">ISAW copy is from the Library of Hayim and Miriam Tadmor.</subfield>
         <subfield code="5">NNU</subfield>
      </datafield>
      <datafield tag="650" ind1=" " ind2="0">
         <subfield code="a">Slaves</subfield>
         <subfield code="x">Legal status, laws, etc.</subfield>
         <subfield code="z">Middle East</subfield>
         <subfield code="x">History</subfield>
         <subfield code="y">To 622.</subfield>
      </datafield>
      <datafield tag="710" ind1="2" ind2=" ">
         <subfield code="a">Universiṭah ha-ʻIvrit bi-Yerushalayim.</subfield>
         <subfield code="b">Makhon le-limude Asyah ṿe-Afriḳah.</subfield>
      </datafield>
      <datafield tag="796" ind1="1" ind2=" ">
         <subfield code="a">Tadmor, Hayim,</subfield>
         <subfield code="e">former owner.</subfield>
      </datafield>
      <datafield tag="796" ind1="1" ind2=" ">
         <subfield code="a">Tadmor, Miriam,</subfield>
         <subfield code="e">former owner.</subfield>
      </datafield>
      <datafield tag="797" ind1="2" ind2=" ">
         <subfield code="a">Tadmor Collection.</subfield>
      </datafield>
      <datafield tag="880" ind1="0" ind2="1">
         <subfield code="6">245-01/</subfield>
         <subfield code="a">העבד בחוקי המזרח הקדמון.</subfield>
      </datafield>
      <datafield tag="880" ind1=" " ind2=" ">
         <subfield code="6">260-02/</subfield>
         <subfield code="a">[ירושלים :</subfield>
         <subfield code="b">האוניברסיטה העברית בירושלים. המכון ללמודי אסיה ואפריקה,</subfield>
         <subfield code="c">[תשי"-?, ?-19[</subfield>
      </datafield>
      <datafield tag="880" ind1="8" ind2=" ">
         <subfield code="6">505-03/</subfield>
         <subfield code="a">התוכן: א: חוקי אשנונא. -- ב: חוקי ליפית-אשתר. -- ג: חוקי חמורפי. -- ד: חוקי אשור. -- ה: חוקים חתיים.</subfield>
      </datafield>
      <datafield tag="OWN" ind1=" " ind2=" ">
         <subfield code="a">GENERAL</subfield>
      </datafield>
      <datafield tag="AVA" ind1=" " ind2=" ">
         <subfield code="a">NYU50</subfield>
         <subfield code="b">NISAW</subfield>
         <subfield code="c">Small Collection</subfield>
         <subfield code="d">KL732 .E94 1950</subfield>
         <subfield code="e">available</subfield>
         <subfield code="t">Available</subfield>
         <subfield code="f">1</subfield>
         <subfield code="g">0</subfield>
         <subfield code="h">N</subfield>
         <subfield code="i">0</subfield>
         <subfield code="j">SMALL</subfield>
         <subfield code="k">0</subfield>
      </datafield>
      <marc:datafield tag="852" ind1=" " ind2=" ">
         <marc:subfield code="b">Institute for the Study of the Ancient World, </marc:subfield>
         <marc:subfield code="c">Small Collection</marc:subfield>
         <marc:subfield code="e">15 East 84th St., </marc:subfield>
         <marc:subfield code="e">New York, NY  10028</marc:subfield>
      </marc:datafield>
   </record>