
  
  
  
  
  
  
 
  
  <record xsi:schemaLocation="http://www.loc.gov/MARC21/slim http://www.loc.gov/standards/marcxml/schema/MARC21slim.xsd">
      <leader>00000cam  2200421 a 4500</leader>
      <controlfield tag="FMT">BK</controlfield>
      <controlfield tag="LDR">00000cam  2200421 a 4500</controlfield>
      <controlfield tag="001">000306820</controlfield>
      <controlfield tag="003">NNU</controlfield>
      <controlfield tag="005">20150504134832.0</controlfield>
      <controlfield tag="008">070530s2006    riuab    b    100 0 ita d</controlfield>
      <datafield tag="010" ind1=" " ind2=" ">
         <subfield code="a">2007540134</subfield>
      </datafield>
      <datafield tag="020" ind1=" " ind2=" ">
         <subfield code="a">188782961X</subfield>
      </datafield>
      <datafield tag="020" ind1=" " ind2=" ">
         <subfield code="a">9781887829618</subfield>
      </datafield>
      <datafield tag="035" ind1=" " ind2=" ">
         <subfield code="a">(NYU)NYUb13284030</subfield>
      </datafield>
      <datafield tag="035" ind1=" " ind2=" ">
         <subfield code="a">(OCoLC)65169041</subfield>
      </datafield>
      <datafield tag="035" ind1=" " ind2=" ">
         <subfield code="a">(OCoLC)ocm65169041</subfield>
      </datafield>
      <datafield tag="035" ind1="9" ind2=" ">
         <subfield code="a">NYUb13284030</subfield>
      </datafield>
      <datafield tag="040" ind1=" " ind2=" ">
         <subfield code="a">OSU</subfield>
         <subfield code="c">OSU</subfield>
         <subfield code="d">DLC</subfield>
         <subfield code="d">BAKER</subfield>
         <subfield code="d">INU</subfield>
         <subfield code="d">MUQ</subfield>
         <subfield code="d">IXA</subfield>
         <subfield code="d">YDXCP</subfield>
         <subfield code="d">BTCTA</subfield>
         <subfield code="d">NLGGC</subfield>
         <subfield code="d">NNU</subfield>
      </datafield>
      <datafield tag="041" ind1="0" ind2=" ">
         <subfield code="a">eng</subfield>
         <subfield code="a">ger</subfield>
         <subfield code="a">ita</subfield>
      </datafield>
      <datafield tag="042" ind1=" " ind2=" ">
         <subfield code="a">lccopycat</subfield>
      </datafield>
      <datafield tag="043" ind1=" " ind2=" ">
         <subfield code="a">e------</subfield>
         <subfield code="a">aw-----</subfield>
         <subfield code="a">ff-----</subfield>
      </datafield>
      <datafield tag="050" ind1="0" ind2="0">
         <subfield code="a">NA310</subfield>
         <subfield code="b">.W53 2004</subfield>
      </datafield>
      <datafield tag="084" ind1=" " ind2=" ">
         <subfield code="a">15.34</subfield>
         <subfield code="2">bcl</subfield>
      </datafield>
      <datafield tag="111" ind1="2" ind2=" ">
         <subfield code="a">Williams Symposium on Classical Architecture</subfield>
         <subfield code="n">(3rd :</subfield>
         <subfield code="d">2004 :</subfield>
         <subfield code="c">Rome, Italy)</subfield>
      </datafield>
      <datafield tag="245" ind1="1" ind2="0">
         <subfield code="a">Imaging ancient Rome :</subfield>
         <subfield code="b">documentation, visualization, imagination : proceedings of the Third Williams Symposium on Classical Architecture, held at the American Academy in Rome, the British School at Rome, and the Deutsches Archäologisches Institut, Rome, on May 20-23, 2004 /</subfield>
         <subfield code="c">edited by Lothar Haselberger and John Humphrey ; with contributions by D. Abernathy ... [et al.].</subfield>
      </datafield>
      <datafield tag="246" ind1="3" ind2=" ">
         <subfield code="a">Proceedings of the Third Williams Symposium on Classical Architecture</subfield>
      </datafield>
      <datafield tag="246" ind1="3" ind2=" ">
         <subfield code="a">Proceedings of the 3rd Williams Symposium on Classical Architecture</subfield>
      </datafield>
      <datafield tag="260" ind1=" " ind2=" ">
         <subfield code="a">Portsmouth, R.I. :</subfield>
         <subfield code="b">Journal of Roman Archaeology,</subfield>
         <subfield code="c">c2006.</subfield>
      </datafield>
      <datafield tag="300" ind1=" " ind2=" ">
         <subfield code="a">337 p. :</subfield>
         <subfield code="b">ill., maps ;</subfield>
         <subfield code="c">29 cm.</subfield>
      </datafield>
      <datafield tag="490" ind1="1" ind2=" ">
         <subfield code="a">Journal of Roman archaeology. Supplementary series,</subfield>
         <subfield code="x">1063-4304 ;</subfield>
         <subfield code="v">no. 61</subfield>
      </datafield>
      <datafield tag="504" ind1=" " ind2=" ">
         <subfield code="a">Includes bibliographical references.</subfield>
      </datafield>
      <datafield tag="505" ind1="0" ind2="0">
         <subfield code="t">Repicturing the familiar : Tiber, hills, and cults.</subfield>
         <subfield code="t">Vecchie e nuove immagini per Roma augustea: flavus Tiberis e septem colles /</subfield>
         <subfield code="r">Domenico Palombi --</subfield>
         <subfield code="t">L’immaginario urbano: spazio sacro sul Palatino tardo-repubblicano /</subfield>
         <subfield code="r">Patrizio Pensabene &amp; Alessandro D’Alessio --</subfield>
         <subfield code="t">The cult site of Anna Perenna : documentation, visualization, imagination /</subfield>
         <subfield code="r">T. P. Wiseman --</subfield>
         <subfield code="t">L’Arx Capitolina: tra mito e realtà /</subfield>
         <subfield code="r">Pier Luigi Tucci.</subfield>
         <subfield code="t">Re-creating urban realities from paintings, coins, and the water-supply.</subfield>
         <subfield code="t">Immagini della città nella pittura romana: visioni fantastiche o realtà architettoniche? /</subfield>
         <subfield code="r">Umberto Pappalardo &amp; Annapaola Capuano --</subfield>
         <subfield code="t">Water distribution and the residential topography of Augustan Rome /</subfield>
         <subfield code="r">Carlos F. Noreña --</subfield>
         <subfield code="t">The Aeternae memoriae coinage of Maxentius: an issue of symbolic intent /</subfield>
         <subfield code="r">Elisha Ann Dumser --</subfield>
         <subfield code="t">The real and the virtual: Fora, Colosseum, and Palaces.</subfield>
         <subfield code="t">Passeggiando intorno ai Fori Imperiali /</subfield>
         <subfield code="r">Eugenio La Rocca --</subfield>
         <subfield code="t">I Fori Imperiali: ipotesi ricostruttive ed evidenza archeologica /</subfield>
         <subfield code="r">Roberto Meneghini --</subfield>
         <subfield code="t">A new digital model of the Roman Forum /</subfield>
         <subfield code="r">Bernard Frischer, Dean Abernathy, Fulvio Cairoli Giuliani, Russell T. Scott &amp; Hauke Ziemssen --</subfield>
         <subfield code="t">Il virtuale nel reale: il caso del Foro di Augusto /</subfield>
         <subfield code="r">Claudia Cecamore, Lucrezia Ungaro &amp; Stefano Panunzi --</subfield>
         <subfield code="t">Comunicare i Fori Imperiali nel museo: tra immagine e integrazione reale /</subfield>
         <subfield code="r">Lucrezia Ungaro --</subfield>
         <subfield code="t">Documentazione negli ipogei del Colosseo: riflettendo su un metodo tradizionale /</subfield>
         <subfield code="r">Heinz-Jürgen Beste --</subfield>
         <subfield code="t">L’uso delle ricostruzioni tridimensionali nella storia dell’architettura: immaginare la Domus Aurea /</subfield>
         <subfield code="r">Alessandro Viscogliosi, con contributi di Stefano Borghini &amp; Raffaele Carlani --</subfield>
         <subfield code="t">Investigating buildings three-dimensionally: the ‘Domus Severiana’ on the Palatine /</subfield>
         <subfield code="r">Ulrike Wulf &amp; Alexandra Riede.</subfield>
         <subfield code="t"/>
      </datafield>
      <datafield tag="505" ind1="8" ind2="0">
         <subfield code="t">Digitizing the city as a whole.</subfield>
         <subfield code="t">Fragments of the city: Stanford’s Digital Forma Urbis Romae Project /</subfield>
         <subfield code="r">David Koller, Jennifer Trimble, Tina Najbjerg, Natasha Gelfand &amp; Marc Levoy --</subfield>
         <subfield code="t">Das Archäologische Informationssystem ROMA: Antike Straßen und Gebäude aus Nollis Romkarte im modernen Stadtgrundriss /</subfield>
         <subfield code="r">Chrystina Häuber &amp; Franz Xaver Schütz --</subfield>
         <subfield code="t">Mapping Augustan Rome: towards the digital successor /</subfield>
         <subfield code="r">David Gilman Romano, Nicholas L. Stapp &amp; Mark Davison --</subfield>
         <subfield code="t">Reflections and prospects: technology past and future.</subfield>
         <subfield code="t">Roman topography and the prism of Sir William Gell /</subfield>
         <subfield code="r">Andrew Wallace-Hadrill --</subfield>
         <subfield code="t">Adding time to Rome’s imago /</subfield>
         <subfield code="r">Albert Ammerman --</subfield>
         <subfield code="t">Digitizing Roman Imperial architecture in the early 21st century: purposes, failures, and prospects /</subfield>
         <subfield code="r">James E. Packer --</subfield>
         <subfield code="t">In the eyes of the beholder: Virtual Reality re-creations and academia /</subfield>
         <subfield code="r">Diane Favro.</subfield>
      </datafield>
      <datafield tag="546" ind1=" " ind2=" ">
         <subfield code="a">Chiefly Italian, 11 contributions in English, 1 in German.</subfield>
      </datafield>
      <datafield tag="650" ind1=" " ind2="0">
         <subfield code="a">Architecture, Roman</subfield>
         <subfield code="v">Congresses.</subfield>
      </datafield>
      <datafield tag="650" ind1=" " ind2="0">
         <subfield code="a">Architecture</subfield>
         <subfield code="x">Information technology</subfield>
         <subfield code="v">Congresses.</subfield>
      </datafield>
      <datafield tag="650" ind1=" " ind2="0">
         <subfield code="a">Architecture, Roman</subfield>
         <subfield code="x">Data processing</subfield>
         <subfield code="v">Congresses.</subfield>
      </datafield>
      <datafield tag="650" ind1=" " ind2="0">
         <subfield code="a">Architecture and society</subfield>
         <subfield code="z">Rome.</subfield>
      </datafield>
      <datafield tag="650" ind1=" " ind2="0">
         <subfield code="a">Architecture</subfield>
         <subfield code="z">Rome</subfield>
         <subfield code="v">Congresses.</subfield>
      </datafield>
      <datafield tag="650" ind1=" " ind2="0">
         <subfield code="a">Archaeology</subfield>
         <subfield code="x">Data processing</subfield>
         <subfield code="v">Congresses.</subfield>
      </datafield>
      <datafield tag="650" ind1=" " ind2="0">
         <subfield code="a">Archaeology</subfield>
         <subfield code="x">Information technology</subfield>
         <subfield code="v">Congresses.</subfield>
      </datafield>
      <datafield tag="700" ind1="1" ind2=" ">
         <subfield code="a">Haselberger, Lothar.</subfield>
      </datafield>
      <datafield tag="700" ind1="1" ind2=" ">
         <subfield code="a">Humphrey, Jon.</subfield>
      </datafield>
      <datafield tag="700" ind1="1" ind2=" ">
         <subfield code="a">Abernathy, D.</subfield>
         <subfield code="q">(Dean)</subfield>
      </datafield>
      <datafield tag="830" ind1=" " ind2="0">
         <subfield code="a">Journal of Roman archaeology.</subfield>
         <subfield code="p">Supplementary series ;</subfield>
         <subfield code="v">no. 61.</subfield>
      </datafield>
      <datafield tag="OWN" ind1=" " ind2=" ">
         <subfield code="a">GENERAL</subfield>
      </datafield>
      <datafield tag="AVA" ind1=" " ind2=" ">
         <subfield code="a">NYU50</subfield>
         <subfield code="b">NIFA</subfield>
         <subfield code="c">Main Collection</subfield>
         <subfield code="d">NA310 .W53 2004 Non-circulating</subfield>
         <subfield code="e">available</subfield>
         <subfield code="t">Available</subfield>
         <subfield code="f">1</subfield>
         <subfield code="g">0</subfield>
         <subfield code="h">N</subfield>
         <subfield code="i">0</subfield>
         <subfield code="j">MAIN</subfield>
         <subfield code="k">0</subfield>
      </datafield>
      <datafield tag="AVA" ind1=" " ind2=" ">
         <subfield code="a">NYU50</subfield>
         <subfield code="b">NISAW</subfield>
         <subfield code="c">Large Collection</subfield>
         <subfield code="d">NA310 .W53 2004</subfield>
         <subfield code="e">available</subfield>
         <subfield code="t">Available</subfield>
         <subfield code="f">1</subfield>
         <subfield code="g">0</subfield>
         <subfield code="h">N</subfield>
         <subfield code="i">0</subfield>
         <subfield code="j">LARGE</subfield>
         <subfield code="k">0</subfield>
      </datafield>
      <marc:datafield tag="852" ind1=" " ind2=" ">
         <marc:subfield code="b">Institute for the Study of the Ancient World, </marc:subfield>
         <marc:subfield code="c">Large Collection</marc:subfield>
         <marc:subfield code="e">15 East 84th St., </marc:subfield>
         <marc:subfield code="e">New York, NY  10028</marc:subfield>
      </marc:datafield>
   </record>