
  
  
  
  
  
  
 
  
  <record xsi:schemaLocation="http://www.loc.gov/MARC21/slim http://www.loc.gov/standards/marcxml/schema/MARC21slim.xsd">
      <leader>00000cam  2200661 i 4500</leader>
      <controlfield tag="FMT">BK</controlfield>
      <controlfield tag="LDR">00000cam  2200661 i 4500</controlfield>
      <controlfield tag="001">004135515</controlfield>
      <controlfield tag="003">OCoLC</controlfield>
      <controlfield tag="005">20150504140507.0</controlfield>
      <controlfield tag="008">150504s2014    gw ab    b    100 0 eng d</controlfield>
      <datafield tag="016" ind1="7" ind2=" ">
         <subfield code="a">1043344101</subfield>
         <subfield code="2">GyFmDB</subfield>
      </datafield>
      <datafield tag="016" ind1="7" ind2=" ">
         <subfield code="a">1043344101</subfield>
         <subfield code="2">DE-101</subfield>
      </datafield>
      <datafield tag="016" ind1="7" ind2=" ">
         <subfield code="a">016786443</subfield>
         <subfield code="2">Uk</subfield>
      </datafield>
      <datafield tag="020" ind1=" " ind2=" ">
         <subfield code="a">9783896464484</subfield>
         <subfield code="q">(hd. bd.)</subfield>
      </datafield>
      <datafield tag="020" ind1=" " ind2=" ">
         <subfield code="a">3896464485</subfield>
         <subfield code="q">(hd. bd.)</subfield>
      </datafield>
      <datafield tag="035" ind1=" " ind2=" ">
         <subfield code="a">(OCoLC)882905642</subfield>
         <subfield code="z">(OCoLC)903004312</subfield>
      </datafield>
      <datafield tag="040" ind1=" " ind2=" ">
         <subfield code="a">OHX</subfield>
         <subfield code="b">eng</subfield>
         <subfield code="e">rda</subfield>
         <subfield code="c">OHX</subfield>
         <subfield code="d">OCLCO</subfield>
         <subfield code="d">UKMGB</subfield>
         <subfield code="d">CUS</subfield>
         <subfield code="d">OCLCQ</subfield>
         <subfield code="d">OCLCO</subfield>
         <subfield code="d">OCLCQ</subfield>
         <subfield code="d">OCLCO</subfield>
         <subfield code="d">OCLCF</subfield>
         <subfield code="d">NNU</subfield>
      </datafield>
      <datafield tag="041" ind1="0" ind2=" ">
         <subfield code="a">eng</subfield>
         <subfield code="b">eng</subfield>
         <subfield code="b">ger</subfield>
         <subfield code="b">tur</subfield>
      </datafield>
      <datafield tag="043" ind1=" " ind2=" ">
         <subfield code="a">a-tu---</subfield>
      </datafield>
      <datafield tag="050" ind1=" " ind2="4">
         <subfield code="a">GN799.E4</subfield>
         <subfield code="b">P74 2014</subfield>
      </datafield>
      <datafield tag="072" ind1=" " ind2="7">
         <subfield code="a">GN</subfield>
         <subfield code="2">lcco</subfield>
      </datafield>
      <datafield tag="111" ind1="2" ind2=" ">
         <subfield code="a">Prehistoric Economies of Anatolia : Subsistence Strategies and Exchange (Meeting)</subfield>
         <subfield code="d">(2009 :</subfield>
         <subfield code="c">Vienna, Austria)</subfield>
      </datafield>
      <datafield tag="245" ind1="1" ind2="0">
         <subfield code="a">Prehistoric economics of Anatolia :</subfield>
         <subfield code="b">subsistence practices and exchange : proceedings of a workshop held at the Austrian Academy of Sciences in Vienna, November 13-14, 2009 /</subfield>
         <subfield code="c">edited by Celine Wawruschka.</subfield>
      </datafield>
      <datafield tag="264" ind1=" " ind2="1">
         <subfield code="a">Rahden/Westf. :</subfield>
         <subfield code="b">VML, Verlag Marie Leidorf GmbH,</subfield>
         <subfield code="c">2014.</subfield>
      </datafield>
      <datafield tag="300" ind1=" " ind2=" ">
         <subfield code="a">175 pages :</subfield>
         <subfield code="b">illustrations (some color), maps (some color) ;</subfield>
         <subfield code="c">30 cm.</subfield>
      </datafield>
      <datafield tag="336" ind1=" " ind2=" ">
         <subfield code="a">text</subfield>
         <subfield code="b">txt</subfield>
         <subfield code="2">rdacontent</subfield>
      </datafield>
      <datafield tag="337" ind1=" " ind2=" ">
         <subfield code="a">unmediated</subfield>
         <subfield code="b">n</subfield>
         <subfield code="2">rdamedia</subfield>
      </datafield>
      <datafield tag="338" ind1=" " ind2=" ">
         <subfield code="a">volume</subfield>
         <subfield code="b">nc</subfield>
         <subfield code="2">rdacarrier</subfield>
      </datafield>
      <datafield tag="490" ind1="1" ind2=" ">
         <subfield code="a">Internationale Archäologie. Arbeitsgemeinschaft, Symposium, Tagung, Kongress,</subfield>
         <subfield code="x">1434-6427 ;</subfield>
         <subfield code="v">Bd. 18</subfield>
      </datafield>
      <datafield tag="546" ind1=" " ind2=" ">
         <subfield code="a">Abstracts in English, German and Turkish.</subfield>
      </datafield>
      <datafield tag="500" ind1=" " ind2=" ">
         <subfield code="a">International conference proceedings.</subfield>
      </datafield>
      <datafield tag="504" ind1=" " ind2=" ">
         <subfield code="a">Includes bibliographical references.</subfield>
      </datafield>
      <datafield tag="505" ind1="0" ind2="0">
         <subfield code="t">Barter and subsistence : social anthropological insight into Anatolia's prehistory /</subfield>
         <subfield code="r">Andre Gingrich and Peter P. Schweitzer --</subfield>
         <subfield code="t">The social aspects of subsistence economies, specialized production and exchange in prehistoric Anatolia from an ethnoarchaeological perspective /</subfield>
         <subfield code="r">Jak Yakar --</subfield>
         <subfield code="t">Outline of the Holocene geomorphology of Anatolia /</subfield>
         <subfield code="r">Barış Mater and Hüseyin Turoğlu --</subfield>
         <subfield code="t">Changes in crop production in Anatolia from the Neolithic until the end of the early Bronze Age /</subfield>
         <subfield code="r">Simone Riehl --</subfield>
         <subfield code="t">Ecology and socioeconomics of woodland exploitation practices in prehistoric Anatolia /</subfield>
         <subfield code="r">Eleni Asouti --</subfield>
         <subfield code="t">Prehistoric Anatolian subsistence practices : zooarchaeological evidence /</subfield>
         <subfield code="r">Peter Popkin --</subfield>
         <subfield code="t">Spatial approaches for reconstructing subsistence strategies and exchange /</subfield>
         <subfield code="r">Celine Wawruschka --</subfield>
         <subfield code="t">Proposal of a complex study of Neolithic grinding stone industry /</subfield>
         <subfield code="r">Ivan Pavlů.</subfield>
      </datafield>
      <datafield tag="650" ind1=" " ind2="0">
         <subfield code="a">Economics, Prehistoric</subfield>
         <subfield code="z">Turkey</subfield>
         <subfield code="v">Congresses.</subfield>
      </datafield>
      <datafield tag="650" ind1=" " ind2="0">
         <subfield code="a">Agriculture, Prehistoric</subfield>
         <subfield code="z">Turkey</subfield>
         <subfield code="v">Congresses.</subfield>
      </datafield>
      <datafield tag="650" ind1=" " ind2="0">
         <subfield code="a">Neolithic period</subfield>
         <subfield code="z">Turkey</subfield>
         <subfield code="v">Congresses.</subfield>
      </datafield>
      <datafield tag="650" ind1=" " ind2="0">
         <subfield code="a">Bronze age</subfield>
         <subfield code="z">Turkey</subfield>
         <subfield code="v">Congresses.</subfield>
      </datafield>
      <datafield tag="651" ind1=" " ind2="0">
         <subfield code="a">Turkey</subfield>
         <subfield code="x">Civilization</subfield>
         <subfield code="x">History</subfield>
         <subfield code="y">To 1500</subfield>
         <subfield code="v">Congresses.</subfield>
      </datafield>
      <datafield tag="650" ind1=" " ind2="7">
         <subfield code="a">Agriculture, Prehistoric.</subfield>
         <subfield code="2">fast</subfield>
         <subfield code="0">(OCoLC)fst00801820</subfield>
      </datafield>
      <datafield tag="650" ind1=" " ind2="7">
         <subfield code="a">Bronze age.</subfield>
         <subfield code="2">fast</subfield>
         <subfield code="0">(OCoLC)fst00839439</subfield>
      </datafield>
      <datafield tag="650" ind1=" " ind2="7">
         <subfield code="a">Civilization.</subfield>
         <subfield code="2">fast</subfield>
         <subfield code="0">(OCoLC)fst00862898</subfield>
      </datafield>
      <datafield tag="650" ind1=" " ind2="7">
         <subfield code="a">Economics, Prehistoric.</subfield>
         <subfield code="2">fast</subfield>
         <subfield code="0">(OCoLC)fst00902267</subfield>
      </datafield>
      <datafield tag="650" ind1=" " ind2="7">
         <subfield code="a">Neolithic period.</subfield>
         <subfield code="2">fast</subfield>
         <subfield code="0">(OCoLC)fst01035813</subfield>
      </datafield>
      <datafield tag="651" ind1=" " ind2="7">
         <subfield code="a">Turkey.</subfield>
         <subfield code="2">fast</subfield>
         <subfield code="0">(OCoLC)fst01208963</subfield>
      </datafield>
      <datafield tag="648" ind1=" " ind2="7">
         <subfield code="a">To 1500</subfield>
         <subfield code="2">fast</subfield>
      </datafield>
      <datafield tag="655" ind1=" " ind2="7">
         <subfield code="a">Conference proceedings.</subfield>
         <subfield code="2">fast</subfield>
         <subfield code="0">(OCoLC)fst01423772</subfield>
      </datafield>
      <datafield tag="655" ind1=" " ind2="7">
         <subfield code="a">History.</subfield>
         <subfield code="2">fast</subfield>
         <subfield code="0">(OCoLC)fst01411628</subfield>
      </datafield>
      <datafield tag="700" ind1="1" ind2=" ">
         <subfield code="a">Wawruschka, Celine</subfield>
         <subfield code="e">editor.</subfield>
      </datafield>
      <datafield tag="830" ind1=" " ind2="0">
         <subfield code="a">Internationale Archäologie.</subfield>
         <subfield code="p">Arbeitsgemeinschaft, Symposium, Tagung, Kongress ;</subfield>
         <subfield code="v">Bd. 18.</subfield>
         <subfield code="x">1434-6427</subfield>
      </datafield>
      <datafield tag="994" ind1=" " ind2=" ">
         <subfield code="a">Z0</subfield>
         <subfield code="b">ZYU</subfield>
      </datafield>
      <datafield tag="OWN" ind1=" " ind2=" ">
         <subfield code="a">GENERAL</subfield>
      </datafield>
      <datafield tag="AVA" ind1=" " ind2=" ">
         <subfield code="a">NYU50</subfield>
         <subfield code="b">NISAW</subfield>
         <subfield code="c">Large Collection</subfield>
         <subfield code="d">GN799.E4 P74 2014</subfield>
         <subfield code="e">available</subfield>
         <subfield code="t">Available</subfield>
         <subfield code="f">1</subfield>
         <subfield code="g">0</subfield>
         <subfield code="h">N</subfield>
         <subfield code="i">0</subfield>
         <subfield code="j">LARGE</subfield>
         <subfield code="k">0</subfield>
      </datafield>
      <marc:datafield tag="852" ind1=" " ind2=" ">
         <marc:subfield code="b">Institute for the Study of the Ancient World, </marc:subfield>
         <marc:subfield code="c">Large Collection</marc:subfield>
         <marc:subfield code="e">15 East 84th St., </marc:subfield>
         <marc:subfield code="e">New York, NY  10028</marc:subfield>
      </marc:datafield>
   </record>