
  
  
  
  
  
  
  
 
  
  <record xsi:schemaLocation="http://www.loc.gov/MARC21/slim http://www.loc.gov/standards/marcxml/schema/MARC21slim.xsd">
      <leader>00000cam a22      a 4500</leader>
      <controlfield tag="FMT">BK</controlfield>
      <controlfield tag="LDR">00000cam a22      a 4500</controlfield>
      <controlfield tag="001">004135532</controlfield>
      <controlfield tag="005">20150504150313.0</controlfield>
      <controlfield tag="008">150504s1946    is b     b    000 0 heb d</controlfield>
      <datafield tag="035" ind1=" " ind2=" ">
         <subfield code="a">(OCoLC)19178997</subfield>
      </datafield>
      <datafield tag="040" ind1=" " ind2=" ">
         <subfield code="a">HLS</subfield>
         <subfield code="b">eng</subfield>
         <subfield code="c">HLS</subfield>
         <subfield code="d">OCLCQ</subfield>
         <subfield code="d">UMC</subfield>
         <subfield code="d">OCLCQ</subfield>
         <subfield code="d">OCLCF</subfield>
         <subfield code="d">OCLCQ</subfield>
         <subfield code="d">OCLCO</subfield>
         <subfield code="d">NNU</subfield>
      </datafield>
      <datafield tag="043" ind1=" " ind2=" ">
         <subfield code="a">a-is---</subfield>
      </datafield>
      <datafield tag="050" ind1=" " ind2="4">
         <subfield code="a">HB3634.A3</subfield>
         <subfield code="b">K54 1946</subfield>
      </datafield>
      <datafield tag="110" ind1="2" ind2=" ">
         <subfield code="a">Keneset Yiśraʼel be-Erets-Yiśraʼel.</subfield>
         <subfield code="b">Ṿaʻad ha-leʼumi.</subfield>
      </datafield>
      <datafield tag="245" ind1="1" ind2="0">
         <subfield code="6">880-01</subfield>
         <subfield code="a">Tazkirim hisṭoriyim :</subfield>
         <subfield code="b">ʻal tsefifut ha-ukhlusim ṿe-khamutam be-Erets-Yiśraʼel ha-ʻatiḳah, ʻal ha-yishuv ha-Yehudi be-Erets-Yiśraʼel me-ḥurban ha-Bayit ha-Sheni ṿe-ʻad ʻaliyat ha-Biluyim, ṿe-ʻal gale ha-ʻaliyah la-Arets /</subfield>
         <subfield code="c">hugshu la-Ṿeʻadah ha-Anglit-Ameriḳaʻit mi-ṭaʻam ha-Ṿaʻad ha-leʼumi li-Yehude Erets-Yiśraʼel.</subfield>
      </datafield>
      <datafield tag="260" ind1=" " ind2=" ">
         <subfield code="6">880-02</subfield>
         <subfield code="a">Yerushalayim :</subfield>
         <subfield code="b">[Ḥ. mo. l.],</subfield>
         <subfield code="c">1946</subfield>
         <subfield code="e">(Yerushalem :</subfield>
         <subfield code="f">defus "ha-Omen")</subfield>
      </datafield>
      <datafield tag="300" ind1=" " ind2=" ">
         <subfield code="a">84 pages :</subfield>
         <subfield code="b">folded maps ;</subfield>
         <subfield code="c">24 cm</subfield>
      </datafield>
      <datafield tag="336" ind1=" " ind2=" ">
         <subfield code="a">text</subfield>
         <subfield code="b">txt</subfield>
         <subfield code="2">rdacontent</subfield>
      </datafield>
      <datafield tag="337" ind1=" " ind2=" ">
         <subfield code="a">unmediated</subfield>
         <subfield code="b">n</subfield>
         <subfield code="2">rdamedia</subfield>
      </datafield>
      <datafield tag="338" ind1=" " ind2=" ">
         <subfield code="a">volume</subfield>
         <subfield code="b">nc</subfield>
         <subfield code="2">rdacarrier</subfield>
      </datafield>
      <datafield tag="500" ind1=" " ind2=" ">
         <subfield code="a">"Adar 706 -- Merts 1946."</subfield>
      </datafield>
      <datafield tag="504" ind1=" " ind2=" ">
         <subfield code="a">Includes bibliographical references.</subfield>
      </datafield>
      <datafield tag="505" ind1="8" ind2=" ">
         <subfield code="6">880-03</subfield>
         <subfield code="a">Tokhen: Seḳirah ʻal tsefifut haʼukhlosim ṿe-khamvutam be-ʼErets Yisraʼel ha-ʻatiḳah -- Ha-yishuv ha-Yehudi Be-'E. Y. meḥurban ha-Bayit ha-sheni ʻad ʻaliyat ha-Biluyim -- Gale ha-ʻaliyah la-ʼarets</subfield>
      </datafield>
      <datafield tag="500" ind1=" " ind2=" ">
         <subfield code="a">ISAW copy is from the Library of Hayim and Miriam Tadmor.</subfield>
         <subfield code="5">NNU</subfield>
      </datafield>
      <datafield tag="651" ind1=" " ind2="0">
         <subfield code="a">Palestine</subfield>
         <subfield code="x">Population</subfield>
         <subfield code="x">History.</subfield>
      </datafield>
      <datafield tag="650" ind1=" " ind2="0">
         <subfield code="a">Jews</subfield>
         <subfield code="z">Palestine</subfield>
         <subfield code="x">Population.</subfield>
      </datafield>
      <datafield tag="650" ind1=" " ind2="0">
         <subfield code="a">Jews</subfield>
         <subfield code="x">Migrations</subfield>
         <subfield code="x">History.</subfield>
      </datafield>
      <datafield tag="650" ind1=" " ind2="0">
         <subfield code="a">Land settlement</subfield>
         <subfield code="z">Palestine</subfield>
         <subfield code="x">History.</subfield>
      </datafield>
      <datafield tag="651" ind1=" " ind2="0">
         <subfield code="a">Palestine</subfield>
         <subfield code="x">Emigration and immigration</subfield>
         <subfield code="x">History.</subfield>
      </datafield>
      <datafield tag="650" ind1=" " ind2="0">
         <subfield code="a">Jews</subfield>
         <subfield code="z">Palestine</subfield>
         <subfield code="x">History.</subfield>
      </datafield>
      <datafield tag="796" ind1="1" ind2=" ">
         <subfield code="a">Tadmor, Hayim,</subfield>
         <subfield code="e">former owner.</subfield>
      </datafield>
      <datafield tag="796" ind1="1" ind2=" ">
         <subfield code="a">Tadmor, Miriam,</subfield>
         <subfield code="e">former owner.</subfield>
      </datafield>
      <datafield tag="797" ind1="2" ind2=" ">
         <subfield code="a">Tadmor Collection.</subfield>
      </datafield>
      <datafield tag="880" ind1="1" ind2="0">
         <subfield code="6">245-01/</subfield>
         <subfield code="a">תזכירים הסטוריים :</subfield>
         <subfield code="b">על צפיפות האוכלוסים וכמותם בארץ־ישראל העתיקה, על הישוב היהודי בארץ־ישראל מחוברון הבית השני ועד עלית הבלויים, ועל גלי העליה לארץ /</subfield>
         <subfield code="c">הוגשי לועדה האנגלית-אמריקאית מטעם הועד הלאומי ליהודי ארץ-ישראל.</subfield>
      </datafield>
      <datafield tag="880" ind1=" " ind2=" ">
         <subfield code="6">260-02/</subfield>
         <subfield code="a">ירושלים :</subfield>
         <subfield code="b">[חמו״ל],</subfield>
         <subfield code="c">1946</subfield>
         <subfield code="e">(ירושלם :</subfield>
         <subfield code="f">דפוס "האומן")</subfield>
      </datafield>
      <datafield tag="880" ind1="8" ind2=" ">
         <subfield code="6">505-03/</subfield>
         <subfield code="a">תוכן: סקירה על צפיפות האוכלוסים וכמותם בארץ ישראל העתיקה -- הישוב היהודי בא"י מחורבן הבית השני עד עלית הבילויים -- גלי העליה לארץ</subfield>
      </datafield>
      <datafield tag="OWN" ind1=" " ind2=" ">
         <subfield code="a">GENERAL</subfield>
      </datafield>
      <datafield tag="AVA" ind1=" " ind2=" ">
         <subfield code="a">NYU50</subfield>
         <subfield code="b">NISAW</subfield>
         <subfield code="c">Small Collection</subfield>
         <subfield code="d">HB3634.A3 K54 1946</subfield>
         <subfield code="e">available</subfield>
         <subfield code="t">Available</subfield>
         <subfield code="f">1</subfield>
         <subfield code="g">0</subfield>
         <subfield code="h">N</subfield>
         <subfield code="i">0</subfield>
         <subfield code="j">SMALL</subfield>
         <subfield code="k">0</subfield>
      </datafield>
      <marc:datafield tag="852" ind1=" " ind2=" ">
         <marc:subfield code="b">Institute for the Study of the Ancient World, </marc:subfield>
         <marc:subfield code="c">Small Collection</marc:subfield>
         <marc:subfield code="e">15 East 84th St., </marc:subfield>
         <marc:subfield code="e">New York, NY  10028</marc:subfield>
      </marc:datafield>
   </record>