
  
  
  
  
  
  
 
  
  <record xsi:schemaLocation="http://www.loc.gov/MARC21/slim http://www.loc.gov/standards/marcxml/schema/MARC21slim.xsd">
      <leader>00000nam a2200313 a 45M</leader>
      <controlfield tag="FMT">BK</controlfield>
      <controlfield tag="LDR">00000nam a2200313 a 45M</controlfield>
      <controlfield tag="001">000090465</controlfield>
      <controlfield tag="003">NNU</controlfield>
      <controlfield tag="005">20150505165030.0</controlfield>
      <controlfield tag="008">040719s2003    is abe   b    000 0 eng d</controlfield>
      <datafield tag="020" ind1=" " ind2=" ">
         <subfield code="a">9654061546</subfield>
      </datafield>
      <datafield tag="035" ind1="9" ind2=" ">
         <subfield code="a">NYUb13060731</subfield>
      </datafield>
      <datafield tag="035" ind1=" " ind2=" ">
         <subfield code="a">(OCoLC)ocm55964578</subfield>
      </datafield>
      <datafield tag="040" ind1=" " ind2=" ">
         <subfield code="a">NDD</subfield>
         <subfield code="c">NDD</subfield>
         <subfield code="d">CUS</subfield>
         <subfield code="d">OCLCQ</subfield>
         <subfield code="d">NNU</subfield>
      </datafield>
      <datafield tag="043" ind1=" " ind2=" ">
         <subfield code="a">a-is---</subfield>
      </datafield>
      <datafield tag="082" ind1="0" ind2=" ">
         <subfield code="a">913.33</subfield>
         <subfield code="b">A872B, no. 19</subfield>
      </datafield>
      <datafield tag="090" ind1=" " ind2=" ">
         <subfield code="a">DS110.A22</subfield>
         <subfield code="b">K43 2003</subfield>
      </datafield>
      <datafield tag="100" ind1="1" ind2=" ">
         <subfield code="a">Khalaily, Hamoudi.</subfield>
      </datafield>
      <datafield tag="245" ind1="1" ind2="4">
         <subfield code="a">The Neolithic site of Abu Ghosh :</subfield>
         <subfield code="b">the 1995 excavations /</subfield>
         <subfield code="c">Hamoudi Khalaily and Ofer Marder ; with contributions by Rina Y. Bankirer ... [et al.].</subfield>
      </datafield>
      <datafield tag="260" ind1=" " ind2=" ">
         <subfield code="a">Jerusalem :</subfield>
         <subfield code="b">Israel Antiquities Authority,</subfield>
         <subfield code="c">2003.</subfield>
      </datafield>
      <datafield tag="300" ind1=" " ind2=" ">
         <subfield code="a">vi, 146 p. :</subfield>
         <subfield code="b">ill., maps, plans ;</subfield>
         <subfield code="c">28 cm.</subfield>
      </datafield>
      <datafield tag="490" ind1="1" ind2=" ">
         <subfield code="a">IAA reports</subfield>
         <subfield code="v">no. 19</subfield>
      </datafield>
      <datafield tag="500" ind1=" " ind2=" ">
         <subfield code="a">ISAW copy is from the Library of Hayim and Miriam Tadmor.</subfield>
         <subfield code="5">NNU</subfield>
      </datafield>
      <datafield tag="504" ind1=" " ind2=" ">
         <subfield code="a">Includes bibliographical references.</subfield>
      </datafield>
      <datafield tag="505" ind1="0" ind2="0">
         <subfield code="t">The site and its location /</subfield>
         <subfield code="r">Hamoudi Khalaily, Ofer Marder, and Eldad Barzilay --</subfield>
         <subfield code="t">The geological setting /</subfield>
         <subfield code="r">Eldad Barzilay --</subfield>
         <subfield code="t">The stratigraphy and architecture /</subfield>
         <subfield code="r">Hamoudi Khalaily and Ofer Marder --</subfield>
         <subfield code="t">The Lithic Assemblage /</subfield>
         <subfield code="r">Hamoudi Khalaily, Ofer Marder, and Rina Y. Bankirer --</subfield>
         <subfield code="t">Use-wear analysis of sickles and glossed pieces /</subfield>
         <subfield code="r">Shoh Yamada --</subfield>
         <subfield code="t">The groundstone assemblage /</subfield>
         <subfield code="r">Hamoudi Khalaily and Ofer Marder --</subfield>
         <subfield code="t">The pottery assemblage /</subfield>
         <subfield code="r">Hamoudi Khalaily and Ofer Marder --</subfield>
         <subfield code="t">The small finds.</subfield>
         <subfield code="t">A third shell assemblage from Abu Ghosh /</subfield>
         <subfield code="r">Daniella E. Bar-Yosef Mayer --</subfield>
         <subfield code="t">Stnoe imagery items /</subfield>
         <subfield code="r">Zinovi Matskevich and Ianir Milevski --</subfield>
         <subfield code="t">The human remains from the pottery Neolithic and pre-pottery Neolithic B layers /</subfield>
         <subfield code="r">Deborah A. Sklar-Parnes and Patricia Smith --</subfield>
         <subfield code="t">The neolithic fauna /</subfield>
         <subfield code="r">Liora K. Horwitz --</subfield>
         <subfield code="t">Pre-pottery Neolithic B fauna from the Lechevallier excavations at Abu Ghosh /</subfield>
         <subfield code="r">Pierre Ducos and Liora K. Horwitz --</subfield>
         <subfield code="t">Verification of capra species at Abu Ghosh using ancient DNA analysis /</subfield>
         <subfield code="r">Gila Kahila Bar-Gal, Pierre Ducos, and Charles Greenblatt --</subfield>
         <subfield code="t">Radiocarbon dating /</subfield>
         <subfield code="r">Dror Segal and Israel Carmi --</subfield>
         <subfield code="t">Magnetic susceptibility measurements of soil : a diagnostic tool for locating human activity areas /</subfield>
         <subfield code="r">Sonia Itkis --</subfield>
         <subfield code="t">General discussion /</subfield>
         <subfield code="r">Hamoudi Khalaily and Ofer Marder.</subfield>
      </datafield>
      <datafield tag="651" ind1=" " ind2="0">
         <subfield code="a">Abu Ghaush (Israel)</subfield>
         <subfield code="x">Antiquities.</subfield>
      </datafield>
      <datafield tag="650" ind1=" " ind2="0">
         <subfield code="a">Excavations (Archaeology)</subfield>
         <subfield code="z">Israel</subfield>
         <subfield code="z">Abu Ghaush.</subfield>
      </datafield>
      <datafield tag="650" ind1=" " ind2="0">
         <subfield code="a">Neolithic period</subfield>
         <subfield code="z">Israel</subfield>
         <subfield code="z">Abu Ghaush.</subfield>
      </datafield>
      <datafield tag="796" ind1="1" ind2=" ">
         <subfield code="a">Tadmor, Hayim,</subfield>
         <subfield code="e">former owner.</subfield>
      </datafield>
      <datafield tag="796" ind1="1" ind2=" ">
         <subfield code="a">Tadmor, Miriam,</subfield>
         <subfield code="e">former owner.</subfield>
      </datafield>
      <datafield tag="797" ind1="2" ind2=" ">
         <subfield code="a">Tadmor Collection.</subfield>
      </datafield>
      <datafield tag="700" ind1="1" ind2=" ">
         <subfield code="a">Marder, Ofer.</subfield>
      </datafield>
      <datafield tag="700" ind1="1" ind2=" ">
         <subfield code="a">Bankirer, Rina Y.</subfield>
      </datafield>
      <datafield tag="710" ind1="1" ind2=" ">
         <subfield code="a">Israel.</subfield>
         <subfield code="b">Rashut ha-ʻatiḳot.</subfield>
      </datafield>
      <datafield tag="830" ind1=" " ind2="0">
         <subfield code="a">IAA reports ;</subfield>
         <subfield code="v">no. 19.</subfield>
      </datafield>
      <datafield tag="994" ind1=" " ind2=" ">
         <subfield code="a">Z0</subfield>
         <subfield code="b">ZYU</subfield>
      </datafield>
      <datafield tag="OWN" ind1=" " ind2=" ">
         <subfield code="a">GENERAL</subfield>
      </datafield>
      <datafield tag="AVA" ind1=" " ind2=" ">
         <subfield code="a">NYU50</subfield>
         <subfield code="b">BOBST</subfield>
         <subfield code="c">Main Collection</subfield>
         <subfield code="d">DS110.A22 K43 2003</subfield>
         <subfield code="e">available</subfield>
         <subfield code="t">Available</subfield>
         <subfield code="f">1</subfield>
         <subfield code="g">0</subfield>
         <subfield code="h">N</subfield>
         <subfield code="i">0</subfield>
         <subfield code="j">MAIN</subfield>
         <subfield code="k">0</subfield>
      </datafield>
      <datafield tag="AVA" ind1=" " ind2=" ">
         <subfield code="a">NYU50</subfield>
         <subfield code="b">NISAW</subfield>
         <subfield code="c">Large Collection</subfield>
         <subfield code="d">DS110.A22 K43 2003</subfield>
         <subfield code="e">available</subfield>
         <subfield code="t">Available</subfield>
         <subfield code="f">1</subfield>
         <subfield code="g">0</subfield>
         <subfield code="h">N</subfield>
         <subfield code="i">0</subfield>
         <subfield code="j">LARGE</subfield>
         <subfield code="k">0</subfield>
      </datafield>
      <marc:datafield tag="852" ind1=" " ind2=" ">
         <marc:subfield code="b">Institute for the Study of the Ancient World, </marc:subfield>
         <marc:subfield code="c">Large Collection</marc:subfield>
         <marc:subfield code="e">15 East 84th St., </marc:subfield>
         <marc:subfield code="e">New York, NY  10028</marc:subfield>
      </marc:datafield>
   </record>