
  
  
  
  
  
  
 
  
  <record xsi:schemaLocation="http://www.loc.gov/MARC21/slim http://www.loc.gov/standards/marcxml/schema/MARC21slim.xsd">
      <leader>00000cam  2200865 a 4500</leader>
      <controlfield tag="FMT">BK</controlfield>
      <controlfield tag="LDR">00000cam  2200865 a 4500</controlfield>
      <controlfield tag="001">002436557</controlfield>
      <controlfield tag="003">OCoLC</controlfield>
      <controlfield tag="005">20150505112308.0</controlfield>
      <controlfield tag="008">731128s1963    enkabf   b    000 0 eng</controlfield>
      <datafield tag="010" ind1=" " ind2=" ">
         <subfield code="a">64004433</subfield>
      </datafield>
      <datafield tag="015" ind1=" " ind2=" ">
         <subfield code="a">GB63-15824</subfield>
      </datafield>
      <datafield tag="024" ind1="8" ind2=" ">
         <subfield code="a">B6315824</subfield>
      </datafield>
      <datafield tag="035" ind1=" " ind2=" ">
         <subfield code="a">(OCoLC)751279</subfield>
         <subfield code="z">(OCoLC)221094028</subfield>
         <subfield code="z">(OCoLC)222036570</subfield>
         <subfield code="z">(OCoLC)867803957</subfield>
      </datafield>
      <datafield tag="040" ind1=" " ind2=" ">
         <subfield code="a">DLC</subfield>
         <subfield code="b">eng</subfield>
         <subfield code="c">KEN</subfield>
         <subfield code="d">DLC</subfield>
         <subfield code="d">UKM</subfield>
         <subfield code="d">EL</subfield>
         <subfield code="$">dAU@</subfield>
         <subfield code="d">OG#</subfield>
         <subfield code="d">OCLCO</subfield>
         <subfield code="d">GBVCP</subfield>
         <subfield code="d">OCLCQ</subfield>
         <subfield code="d">UKDEL</subfield>
         <subfield code="d">OCLCF</subfield>
         <subfield code="d">MXL</subfield>
         <subfield code="d">DEBBG</subfield>
         <subfield code="d">NNU</subfield>
      </datafield>
      <datafield tag="042" ind1=" " ind2=" ">
         <subfield code="a">premarc</subfield>
      </datafield>
      <datafield tag="043" ind1=" " ind2=" ">
         <subfield code="a">aw-----</subfield>
      </datafield>
      <datafield tag="050" ind1="0" ind2="0">
         <subfield code="a">DS70.88.L3</subfield>
         <subfield code="b">W3</subfield>
      </datafield>
      <datafield tag="082" ind1="0" ind2="4">
         <subfield code="a">722.5</subfield>
         <subfield code="b">L45Zw</subfield>
      </datafield>
      <datafield tag="084" ind1=" " ind2=" ">
         <subfield code="a">LE 4220</subfield>
         <subfield code="2">rvk</subfield>
      </datafield>
      <datafield tag="084" ind1=" " ind2=" ">
         <subfield code="a">LE 6000</subfield>
         <subfield code="2">rvk</subfield>
      </datafield>
      <datafield tag="084" ind1=" " ind2=" ">
         <subfield code="a">6,11</subfield>
         <subfield code="2">ssgn</subfield>
      </datafield>
      <datafield tag="100" ind1="1" ind2=" ">
         <subfield code="a">Waterfield, Gordon,</subfield>
         <subfield code="d">1903-</subfield>
      </datafield>
      <datafield tag="245" ind1="1" ind2="0">
         <subfield code="a">Layard of Nineveh /</subfield>
         <subfield code="c">Gordon Waterfield.</subfield>
      </datafield>
      <datafield tag="260" ind1=" " ind2=" ">
         <subfield code="a">[London] :</subfield>
         <subfield code="b">John Murray,</subfield>
         <subfield code="c">c1963.</subfield>
      </datafield>
      <datafield tag="300" ind1=" " ind2=" ">
         <subfield code="a">x, 535 pages, [15] leaves of plates (1 folded) :</subfield>
         <subfield code="b">illustrations, maps ;</subfield>
         <subfield code="c">22 cm</subfield>
      </datafield>
      <datafield tag="336" ind1=" " ind2=" ">
         <subfield code="a">text</subfield>
         <subfield code="b">txt</subfield>
         <subfield code="2">rdacontent</subfield>
      </datafield>
      <datafield tag="337" ind1=" " ind2=" ">
         <subfield code="a">unmediated</subfield>
         <subfield code="b">n</subfield>
         <subfield code="2">rdamedia</subfield>
      </datafield>
      <datafield tag="338" ind1=" " ind2=" ">
         <subfield code="a">volume</subfield>
         <subfield code="b">nc</subfield>
         <subfield code="2">rdacarrier</subfield>
      </datafield>
      <datafield tag="500" ind1=" " ind2=" ">
         <subfield code="a">ISAW copy is from the Library of Hayim and Miriam Tadmor.</subfield>
         <subfield code="5">NNU</subfield>
      </datafield>
      <datafield tag="504" ind1=" " ind2=" ">
         <subfield code="a">Bibliographical references included in "Notes" (p. 491-508).</subfield>
      </datafield>
      <datafield tag="505" ind1="0" ind2=" ">
         <subfield code="a">Part 1. Travel 1817-1845 -- Disraeli and the Arabian nights -- 'We rode alone' -- 'Mystery hangs over Assyria' -- Adventures with the Bakhtiari -- 'I scarcely know which way to turn' -- Constantinople and Sir Stratford Canning -- Part II. Archaeology 1845-1851 -- visions of places underground -- they have found Nimrod himself! -- a firman without funds -- the Nestorians and Yezidis -- treated as a master-bricklayer -- the bull is taken to the Tigris -- Triumphal return to England -- the greatest achievement of our time -- the Winged Lions leave Nimrud -- Nineveh and Babylon -- Part III. Politics 1852-1869 -- visions of ambition -- where are you to stop Russia? -- into the cannon's mouth -- we looked to you as our champion -- India during the mutiny -- collared and harnessed -- Part IV. Diplomacy: Spain 1869-1877 -- Bismarck and the Spanish king -- they will kill him too -- revolutions give one a deal of work -- presumptuous Dons -- Part V. Diplomacy: Turkey 1877-1884 -- Gladstone a mere vulgar pamphleteer -- Disraeli makes Layard ambassador -- the amiable Sultan Abdul Hamid -- Turkey is fighting our battle -- it is Poland over again -- the Russians threaten Constantinople -- Negotiations for Cyprus -- Another quarrel with Gladstone -- the very heart of chaos -- Gladstone recalls Layard -- Part VI. Retirement 1884-1894 -- Art and writing in Venice -- the thieving of Assyrian antiquities -- what many have attempted you have done -- a hundred years later.</subfield>
      </datafield>
      <datafield tag="600" ind1="1" ind2="0">
         <subfield code="a">Layard, Austen Henry,</subfield>
         <subfield code="d">1817-1894.</subfield>
      </datafield>
      <datafield tag="650" ind1=" " ind2="0">
         <subfield code="a">Archaeologists</subfield>
         <subfield code="z">Iraq</subfield>
         <subfield code="v">Biography.</subfield>
      </datafield>
      <datafield tag="650" ind1=" " ind2="0">
         <subfield code="a">Diplomats</subfield>
         <subfield code="z">Great Britain</subfield>
         <subfield code="v">Biography.</subfield>
      </datafield>
      <datafield tag="650" ind1=" " ind2="0">
         <subfield code="a">Excavations (Archaeology)</subfield>
         <subfield code="z">Iraq</subfield>
         <subfield code="z">Nineveh (Extinct city).</subfield>
      </datafield>
      <datafield tag="650" ind1=" " ind2="0">
         <subfield code="a">Excavations (Archaeology)</subfield>
         <subfield code="z">Iraq</subfield>
         <subfield code="z">Calah (Extinct city).</subfield>
      </datafield>
      <datafield tag="651" ind1=" " ind2="0">
         <subfield code="a">Middle East</subfield>
         <subfield code="x">Description and travel.</subfield>
      </datafield>
      <datafield tag="600" ind1="1" ind2="7">
         <subfield code="a">Layard, Austen Henry,</subfield>
         <subfield code="d">1817-1894.</subfield>
         <subfield code="2">fast</subfield>
         <subfield code="0">(OCoLC)fst01775125</subfield>
      </datafield>
      <datafield tag="651" ind1=" " ind2="7">
         <subfield code="a">Middle East.</subfield>
         <subfield code="2">fast</subfield>
         <subfield code="0">(OCoLC)fst01241586</subfield>
      </datafield>
      <datafield tag="655" ind1=" " ind2="7">
         <subfield code="a">History.</subfield>
         <subfield code="2">fast</subfield>
         <subfield code="0">(OCoLC)fst01411628</subfield>
      </datafield>
      <datafield tag="796" ind1="1" ind2=" ">
         <subfield code="a">Tadmor, Hayim,</subfield>
         <subfield code="e">former owner.</subfield>
      </datafield>
      <datafield tag="796" ind1="1" ind2=" ">
         <subfield code="a">Tadmor, Miriam,</subfield>
         <subfield code="e">former owner.</subfield>
      </datafield>
      <datafield tag="797" ind1="2" ind2=" ">
         <subfield code="a">Tadmor Collection.</subfield>
      </datafield>
      <datafield tag="776" ind1="0" ind2="8">
         <subfield code="i">Online version:</subfield>
         <subfield code="a">Waterfield, Gordon, 1903-</subfield>
         <subfield code="t">Layard of Nineveh.</subfield>
         <subfield code="d">[London] J. Murray [1963]</subfield>
         <subfield code="w">(OCoLC)560033455</subfield>
      </datafield>
      <datafield tag="OWN" ind1=" " ind2=" ">
         <subfield code="a">GENERAL</subfield>
      </datafield>
      <datafield tag="950" ind1=" " ind2=" ">
         <subfield code="l">BStack</subfield>
         <subfield code="a">DS70.88.L3</subfield>
         <subfield code="b">W3</subfield>
         <subfield code="i">01/01/01 N</subfield>
         <subfield code="x">1</subfield>
      </datafield>
      <datafield tag="950" ind1=" " ind2=" ">
         <subfield code="l">FStack</subfield>
         <subfield code="a">DS70.88.L3</subfield>
         <subfield code="b">W3</subfield>
         <subfield code="i">01/01/01 N</subfield>
         <subfield code="x">60</subfield>
      </datafield>
      <datafield tag="AVA" ind1=" " ind2=" ">
         <subfield code="a">NYU50</subfield>
         <subfield code="b">BOBST</subfield>
         <subfield code="c">Main Collection</subfield>
         <subfield code="d">DS70.88.L3 W3</subfield>
         <subfield code="e">unavailable</subfield>
         <subfield code="t">Unavailable</subfield>
         <subfield code="f">1</subfield>
         <subfield code="g">1</subfield>
         <subfield code="h">N</subfield>
         <subfield code="i">0</subfield>
         <subfield code="j">MAIN</subfield>
         <subfield code="k">0</subfield>
      </datafield>
      <datafield tag="AVA" ind1=" " ind2=" ">
         <subfield code="a">NYU50</subfield>
         <subfield code="b">NIFA</subfield>
         <subfield code="c">Main Collection</subfield>
         <subfield code="d">DS70.88.L3 W3 Non-circulating</subfield>
         <subfield code="e">unavailable</subfield>
         <subfield code="t">Unavailable</subfield>
         <subfield code="f">1</subfield>
         <subfield code="g">1</subfield>
         <subfield code="h">N</subfield>
         <subfield code="i">0</subfield>
         <subfield code="j">MAIN</subfield>
         <subfield code="k">0</subfield>
      </datafield>
      <datafield tag="AVA" ind1=" " ind2=" ">
         <subfield code="a">NYU50</subfield>
         <subfield code="b">NISAW</subfield>
         <subfield code="c">Small Collection</subfield>
         <subfield code="d">DS70.88.L3 W3 1963</subfield>
         <subfield code="e">available</subfield>
         <subfield code="t">Available</subfield>
         <subfield code="f">1</subfield>
         <subfield code="g">0</subfield>
         <subfield code="h">N</subfield>
         <subfield code="i">0</subfield>
         <subfield code="j">SMALL</subfield>
         <subfield code="k">0</subfield>
      </datafield>
      <marc:datafield tag="852" ind1=" " ind2=" ">
         <marc:subfield code="b">Institute for the Study of the Ancient World, </marc:subfield>
         <marc:subfield code="c">Small Collection</marc:subfield>
         <marc:subfield code="e">15 East 84th St., </marc:subfield>
         <marc:subfield code="e">New York, NY  10028</marc:subfield>
      </marc:datafield>
   </record>