
  
  
  
  
  
  
 
  
  <record xsi:schemaLocation="http://www.loc.gov/MARC21/slim http://www.loc.gov/standards/marcxml/schema/MARC21slim.xsd">
      <leader>00000cam a2200481   45M</leader>
      <controlfield tag="FMT">BK</controlfield>
      <controlfield tag="LDR">00000cam a2200481   45M</controlfield>
      <controlfield tag="001">001830476</controlfield>
      <controlfield tag="003">NNU</controlfield>
      <controlfield tag="005">20150511144901.0</controlfield>
      <controlfield tag="008">900124s1988    be a     b    101 0 eng d</controlfield>
      <datafield tag="020" ind1=" " ind2=" ">
         <subfield code="a">9068311352</subfield>
      </datafield>
      <datafield tag="035" ind1="9" ind2=" ">
         <subfield code="a">NYUb10765580</subfield>
      </datafield>
      <datafield tag="035" ind1=" " ind2=" ">
         <subfield code="a">(CStRLIN)NYUG90-B2522</subfield>
      </datafield>
      <datafield tag="040" ind1=" " ind2=" ">
         <subfield code="a">MiU</subfield>
         <subfield code="c">MiU</subfield>
         <subfield code="d">NNU</subfield>
      </datafield>
      <datafield tag="041" ind1="0" ind2=" ">
         <subfield code="a">enggerfre</subfield>
      </datafield>
      <datafield tag="050" ind1=" " ind2="4">
         <subfield code="a">DS56</subfield>
         <subfield code="b">.S64 1988</subfield>
      </datafield>
      <datafield tag="090" ind1=" " ind2=" ">
         <subfield code="i">08/10/94 CT</subfield>
         <subfield code="h">01/24/90 CT</subfield>
      </datafield>
      <datafield tag="245" ind1="0" ind2="0">
         <subfield code="a">Society and economy in the eastern Mediterranean (c. 1500-1000 B.C.) :</subfield>
         <subfield code="b">proceedings of the international symposium held at the University of Haifa from the 28th of April to the 2nd of May 1985 /</subfield>
         <subfield code="c">edited by M. Heltzer and E. Lipiński.</subfield>
      </datafield>
      <datafield tag="260" ind1=" " ind2=" ">
         <subfield code="a">Leuven :</subfield>
         <subfield code="b">Peeters,</subfield>
         <subfield code="c">1988.</subfield>
      </datafield>
      <datafield tag="300" ind1=" " ind2=" ">
         <subfield code="a">xiv, 397 p. :</subfield>
         <subfield code="b">ill. ;</subfield>
         <subfield code="c">25 cm.</subfield>
      </datafield>
      <datafield tag="490" ind1="1" ind2=" ">
         <subfield code="a">Orientalia Lovaniensia analecta</subfield>
      </datafield>
      <datafield tag="500" ind1=" " ind2=" ">
         <subfield code="a">ISAW copy is from the library of Hayim and Miriam Tadmor.</subfield>
         <subfield code="5">NNU</subfield>
      </datafield>
      <datafield tag="504" ind1=" " ind2=" ">
         <subfield code="a">Includes bibliographical references.</subfield>
      </datafield>
      <datafield tag="650" ind1=" " ind2="0">
         <subfield code="a">Bronze age</subfield>
         <subfield code="z">Middle East</subfield>
         <subfield code="v">Congresses.</subfield>
      </datafield>
      <datafield tag="700" ind1="1" ind2=" ">
         <subfield code="a">Heltzer, Michael.</subfield>
      </datafield>
      <datafield tag="700" ind1="1" ind2=" ">
         <subfield code="a">Lipiński, E.</subfield>
      </datafield>
      <datafield tag="796" ind1="1" ind2=" ">
         <subfield code="a">Tadmor, Hayim,</subfield>
         <subfield code="e">former owner.</subfield>
      </datafield>
      <datafield tag="796" ind1="1" ind2=" ">
         <subfield code="a">Tadmor, Miriam,</subfield>
         <subfield code="e">former owner.</subfield>
      </datafield>
      <datafield tag="797" ind1="2" ind2=" ">
         <subfield code="a">Tadmor Collection.</subfield>
      </datafield>
      <datafield tag="830" ind1=" " ind2="0">
         <subfield code="a">Orientalia Lovaniensia analecta</subfield>
      </datafield>
      <datafield tag="OWN" ind1=" " ind2=" ">
         <subfield code="a">GENERAL</subfield>
      </datafield>
      <datafield tag="950" ind1=" " ind2=" ">
         <subfield code="l">BMAIN</subfield>
         <subfield code="a">DS56</subfield>
         <subfield code="b">.S64 1988</subfield>
         <subfield code="i">08/10/94 C</subfield>
      </datafield>
      <datafield tag="955" ind1=" " ind2=" ">
         <subfield code="l">BMAIN</subfield>
         <subfield code="c">1</subfield>
         <subfield code="q">90-B2522-1</subfield>
         <subfield code="r">018660145</subfield>
         <subfield code="i">08/10/94 C</subfield>
      </datafield>
      <datafield tag="950" ind1=" " ind2=" ">
         <subfield code="l">IFAM</subfield>
         <subfield code="a">DS56</subfield>
         <subfield code="b">.S64 1988</subfield>
         <subfield code="h">01/24/90 C</subfield>
      </datafield>
      <datafield tag="955" ind1=" " ind2=" ">
         <subfield code="l">IFAM</subfield>
         <subfield code="c">1</subfield>
         <subfield code="h">01/24/90 C</subfield>
      </datafield>
      <datafield tag="998" ind1=" " ind2=" ">
         <subfield code="a">08/10/94</subfield>
         <subfield code="t">b</subfield>
         <subfield code="s">9114</subfield>
         <subfield code="n">NNU</subfield>
         <subfield code="w">NYUG90B2522</subfield>
         <subfield code="d">01/24/90</subfield>
         <subfield code="b">AH</subfield>
         <subfield code="i">940810</subfield>
         <subfield code="h">900124</subfield>
         <subfield code="l">NYUG</subfield>
      </datafield>
      <datafield tag="997" ind1=" " ind2="1">
         <subfield code="@">u01</subfield>
         <subfield code="a">1</subfield>
         <subfield code="t">UO</subfield>
         <subfield code="s">P</subfield>
         <subfield code="d">06/16/94 EMJ</subfield>
         <subfield code="i">08/10/94 CAT AH</subfield>
         <subfield code="h">07/27/94 ALL NM</subfield>
         <subfield code="h">06/16/94 ORD EMJ</subfield>
      </datafield>
      <datafield tag="997" ind1=" " ind2="1">
         <subfield code="@">u08</subfield>
         <subfield code="p">Y</subfield>
         <subfield code="o">MG</subfield>
      </datafield>
      <datafield tag="997" ind1=" " ind2="1">
         <subfield code="@">u20</subfield>
         <subfield code="a">NIJ</subfield>
      </datafield>
      <datafield tag="997" ind1=" " ind2="1">
         <subfield code="@">u30</subfield>
         <subfield code="m">8</subfield>
         <subfield code="i">1</subfield>
      </datafield>
      <datafield tag="997" ind1=" " ind2="1">
         <subfield code="@">u31</subfield>
         <subfield code="a">3</subfield>
         <subfield code="b">0</subfield>
      </datafield>
      <datafield tag="997" ind1=" " ind2="1">
         <subfield code="@">u21</subfield>
         <subfield code="a">BOB</subfield>
         <subfield code="b">BOB</subfield>
      </datafield>
      <datafield tag="997" ind1=" " ind2="1">
         <subfield code="@">u22</subfield>
         <subfield code="a">TAX</subfield>
      </datafield>
      <datafield tag="997" ind1=" " ind2="1">
         <subfield code="@">u55</subfield>
         <subfield code="a">added copy</subfield>
      </datafield>
      <datafield tag="997" ind1=" " ind2="1">
         <subfield code="@">u02</subfield>
         <subfield code="2">ISBN</subfield>
         <subfield code="a">9068311352</subfield>
      </datafield>
      <datafield tag="997" ind1=" " ind2="1">
         <subfield code="@">u70</subfield>
         <subfield code="l">BMAIN</subfield>
         <subfield code="a">1</subfield>
      </datafield>
      <datafield tag="997" ind1=" " ind2="1">
         <subfield code="@">u7f</subfield>
         <subfield code="a">BF3980</subfield>
         <subfield code="p">Y</subfield>
      </datafield>
      <datafield tag="997" ind1=" " ind2="1">
         <subfield code="@">u71</subfield>
         <subfield code="a">183</subfield>
      </datafield>
      <datafield tag="997" ind1=" " ind2="1">
         <subfield code="@">u75</subfield>
         <subfield code="l">BMAIN</subfield>
         <subfield code="i">08/10/94 CAT</subfield>
         <subfield code="h">07/27/94 REC</subfield>
         <subfield code="h">06/16/94 ORD</subfield>
      </datafield>
      <datafield tag="997" ind1=" " ind2="1">
         <subfield code="@">ufi</subfield>
         <subfield code="a">183</subfield>
         <subfield code="b">93</subfield>
         <subfield code="c">$35.00</subfield>
         <subfield code="d">06/16/94</subfield>
      </datafield>
      <datafield tag="997" ind1=" " ind2="1">
         <subfield code="@">ufi</subfield>
         <subfield code="a">183</subfield>
         <subfield code="b">93</subfield>
         <subfield code="c">- $35.00</subfield>
         <subfield code="d">07/27/94</subfield>
         <subfield code="e">m391629 7/13/94</subfield>
         <subfield code="g">$169.68</subfield>
         <subfield code="h">07/27/94</subfield>
      </datafield>
      <datafield tag="AVA" ind1=" " ind2=" ">
         <subfield code="a">NYU50</subfield>
         <subfield code="b">BOBST</subfield>
         <subfield code="c">Main Collection</subfield>
         <subfield code="d">DS56 .S64 1988</subfield>
         <subfield code="e">available</subfield>
         <subfield code="t">Available</subfield>
         <subfield code="f">1</subfield>
         <subfield code="g">0</subfield>
         <subfield code="h">N</subfield>
         <subfield code="i">2</subfield>
         <subfield code="j">MAIN</subfield>
         <subfield code="k">0</subfield>
      </datafield>
      <datafield tag="AVA" ind1=" " ind2=" ">
         <subfield code="a">NYU50</subfield>
         <subfield code="b">NIFA</subfield>
         <subfield code="c">Main Collection</subfield>
         <subfield code="d">DS56 .S64 1988 Non-Circulating</subfield>
         <subfield code="e">available</subfield>
         <subfield code="t">Available</subfield>
         <subfield code="f">1</subfield>
         <subfield code="g">0</subfield>
         <subfield code="h">N</subfield>
         <subfield code="i">0</subfield>
         <subfield code="j">MAIN</subfield>
         <subfield code="k">0</subfield>
      </datafield>
      <datafield tag="AVA" ind1=" " ind2=" ">
         <subfield code="a">NYU50</subfield>
         <subfield code="b">NISAW</subfield>
         <subfield code="c">Small Collection</subfield>
         <subfield code="d">DS56 .S64 1988</subfield>
         <subfield code="e">available</subfield>
         <subfield code="t">Available</subfield>
         <subfield code="f">1</subfield>
         <subfield code="g">0</subfield>
         <subfield code="h">N</subfield>
         <subfield code="i">0</subfield>
         <subfield code="j">SMALL</subfield>
         <subfield code="k">0</subfield>
      </datafield>
      <marc:datafield tag="852" ind1=" " ind2=" ">
         <marc:subfield code="b">Institute for the Study of the Ancient World, </marc:subfield>
         <marc:subfield code="c">Small Collection</marc:subfield>
         <marc:subfield code="e">15 East 84th St., </marc:subfield>
         <marc:subfield code="e">New York, NY  10028</marc:subfield>
      </marc:datafield>
   </record>