
  
  
  
  
  
  
 
  
  <record xsi:schemaLocation="http://www.loc.gov/MARC21/slim http://www.loc.gov/standards/marcxml/schema/MARC21slim.xsd">
      <leader>00000cam  2200793 a 4500</leader>
      <controlfield tag="FMT">BK</controlfield>
      <controlfield tag="LDR">00000cam  2200793 a 4500</controlfield>
      <controlfield tag="001">000088821</controlfield>
      <controlfield tag="003">OCoLC</controlfield>
      <controlfield tag="005">20150511101659.0</controlfield>
      <controlfield tag="008">050204s2004    ne abc   b    010 0deng d</controlfield>
      <datafield tag="016" ind1="7" ind2=" ">
         <subfield code="a">B0526325</subfield>
         <subfield code="2">bccb</subfield>
      </datafield>
      <datafield tag="016" ind1=" " ind2=" ">
         <subfield code="a">20070131759</subfield>
      </datafield>
      <datafield tag="016" ind1="7" ind2=" ">
         <subfield code="a">013087192</subfield>
         <subfield code="2">Uk</subfield>
      </datafield>
      <datafield tag="020" ind1=" " ind2=" ">
         <subfield code="a">9062583121 (pbk.)</subfield>
      </datafield>
      <datafield tag="020" ind1=" " ind2=" ">
         <subfield code="a">9789062583126 (pbk.)</subfield>
      </datafield>
      <datafield tag="035" ind1=" " ind2=" ">
         <subfield code="a">(OCoLC)57597057</subfield>
      </datafield>
      <datafield tag="040" ind1=" " ind2=" ">
         <subfield code="a">OHX</subfield>
         <subfield code="b">eng</subfield>
         <subfield code="c">OHX</subfield>
         <subfield code="d">OCLCQ</subfield>
         <subfield code="d">IUL</subfield>
         <subfield code="d">UMC</subfield>
         <subfield code="d">WTS</subfield>
         <subfield code="d">OCLCQ</subfield>
         <subfield code="d">NLGGC</subfield>
         <subfield code="d">YDXCP</subfield>
         <subfield code="d">NLC</subfield>
         <subfield code="d">AU@</subfield>
         <subfield code="d">HEBIS</subfield>
         <subfield code="d">EUM</subfield>
         <subfield code="d">UKMGB</subfield>
         <subfield code="d">OCLCQ</subfield>
         <subfield code="d">OCLCF</subfield>
         <subfield code="d">OCLCO</subfield>
      </datafield>
      <datafield tag="041" ind1="0" ind2=" ">
         <subfield code="a">eng</subfield>
         <subfield code="a">ger</subfield>
      </datafield>
      <datafield tag="043" ind1=" " ind2=" ">
         <subfield code="a">a-iq---</subfield>
      </datafield>
      <datafield tag="050" ind1=" " ind2="4">
         <subfield code="a">DS73.2</subfield>
         <subfield code="b">.F764 2004</subfield>
      </datafield>
      <datafield tag="055" ind1="0" ind2="0">
         <subfield code="a">DS73 .7</subfield>
         <subfield code="b">F76 2004 fol.</subfield>
      </datafield>
      <datafield tag="072" ind1=" " ind2="7">
         <subfield code="a">DS</subfield>
         <subfield code="2">lcco</subfield>
      </datafield>
      <datafield tag="082" ind1="0" ind2="4">
         <subfield code="a">935</subfield>
         <subfield code="2">22</subfield>
      </datafield>
      <datafield tag="084" ind1=" " ind2=" ">
         <subfield code="a">15.51</subfield>
         <subfield code="2">bcl</subfield>
      </datafield>
      <datafield tag="245" ind1="0" ind2="0">
         <subfield code="a">From the upper sea to the lower sea :</subfield>
         <subfield code="b">studies on the history of Assyria and Babylonia in honour of A.K. Grayson /</subfield>
         <subfield code="c">edited by Grant Frame ; with the assistance of Linda S. Wilding.</subfield>
      </datafield>
      <datafield tag="246" ind1="3" ind2="0">
         <subfield code="a">Studies on the history of Assyria and Babylonia in honour of A.K. Grayson</subfield>
      </datafield>
      <datafield tag="260" ind1=" " ind2=" ">
         <subfield code="a">Leiden :</subfield>
         <subfield code="b">Nederlands Instituut voor het Nabije Oosten,</subfield>
         <subfield code="c">2004.</subfield>
      </datafield>
      <datafield tag="300" ind1=" " ind2=" ">
         <subfield code="a">xxvii, 293 pages :</subfield>
         <subfield code="b">illustrations, maps, portraits ;</subfield>
         <subfield code="c">27 cm.</subfield>
      </datafield>
      <datafield tag="336" ind1=" " ind2=" ">
         <subfield code="a">text</subfield>
         <subfield code="b">txt</subfield>
         <subfield code="2">rdacontent</subfield>
      </datafield>
      <datafield tag="337" ind1=" " ind2=" ">
         <subfield code="a">unmediated</subfield>
         <subfield code="b">n</subfield>
         <subfield code="2">rdamedia</subfield>
      </datafield>
      <datafield tag="338" ind1=" " ind2=" ">
         <subfield code="a">volume</subfield>
         <subfield code="b">nc</subfield>
         <subfield code="2">rdacarrier</subfield>
      </datafield>
      <datafield tag="490" ind1="1" ind2=" ">
         <subfield code="a">Uitgaven van het Nederlands Instituut voor het Nabije Oosten te Leiden,</subfield>
         <subfield code="x">0926-9568 ;</subfield>
         <subfield code="v">101</subfield>
      </datafield>
      <datafield tag="500" ind1=" " ind2=" ">
         <subfield code="a">Festschrift.</subfield>
      </datafield>
      <datafield tag="500" ind1=" " ind2=" ">
         <subfield code="a">ISAW copy is from the Library of Hayim and Miriam Tadmor.</subfield>
         <subfield code="5">NNU</subfield>
      </datafield>
      <datafield tag="546" ind1=" " ind2=" ">
         <subfield code="a">20 English, 2 German contributions.</subfield>
      </datafield>
      <datafield tag="504" ind1=" " ind2=" ">
         <subfield code="a">Includes bibliographical references (pages 289-293).</subfield>
      </datafield>
      <datafield tag="505" ind1="0" ind2="0">
         <subfield code="t">A. Kirk Grayson : biography /</subfield>
         <subfield code="r">Sweet, R.F.G. --</subfield>
         <subfield code="t">Babylonian Fürstenspiegel as a political forgery /</subfield>
         <subfield code="r">Biggs, R.D. --</subfield>
         <subfield code="t">Titles of Tukulti-Ninurta I after the Babylonian campaign : a re-evaluation /</subfield>
         <subfield code="r">Cifola, B. --</subfield>
         <subfield code="t">Tell ʻAcharneh in the middle Orontes Valley and the Assyrian presence in Syria /</subfield>
         <subfield code="r">Cooper, E. --</subfield>
         <subfield code="r">Fortin, M. --</subfield>
         <subfield code="t">Maceheads from Tell Mohammed in the British Museum /</subfield>
         <subfield code="r">Curtis, J. --</subfield>
         <subfield code="g">Appendix :</subfield>
         <subfield code="t">Scientific examination and analysis of three maceheads and two armlets from Tell Mohammed /</subfield>
         <subfield code="r">Hook, D.R. --</subfield>
         <subfield code="r">Cowell, M.R. --</subfield>
         <subfield code="t">Selected Middle Assyrian private letters housed at istanbul /</subfield>
         <subfield code="r">Donbaz, V. --</subfield>
         <subfield code="t">LKA 62 : Parodie eines assyrischen Feldzugsberichts /</subfield>
         <subfield code="r">Edzard, V. --</subfield>
         <subfield code="t">Order of the wall slabs with the Annals of Sargon II in Room V of the Palace at Khorsabad /</subfield>
         <subfield code="r">Frame, G. --</subfield>
         <subfield code="t">Geographical notes on the land of Akkad /</subfield>
         <subfield code="r">Frayne, D. --</subfield>
         <subfield code="t">Geschichte als Bauwerk : der Aššurtempel und das assyrische Geschichtsbewusstsein /</subfield>
         <subfield code="r">Galter, H.D. --</subfield>
         <subfield code="t">Royal inscriptions from the folios of Sidney Smith /</subfield>
         <subfield code="r">George, A.R. --</subfield>
         <subfield code="t">Two fragmentary inscriptions of Ashurnasirpal II /</subfield>
         <subfield code="r">Harrak, A. --</subfield>
         <subfield code="t">New Sargon stele from Hama /</subfield>
         <subfield code="r">Hawkins, J.D. --</subfield>
         <subfield code="t">On the use of year-names in reconstructing the history of the First Dynasty of Babylon /</subfield>
         <subfield code="r">Horsnell, M.J.A. --</subfield>
         <subfield code="t">A. Leo Oppenheim's children of the institute /</subfield>
         <subfield code="r">Kilmer, A.D. --</subfield>
         <subfield code="t">Enigma of Tukulti-Ninurta I /</subfield>
         <subfield code="r">Lambert, W.G. --</subfield>
         <subfield code="t">Three Babylonian chronicle and scientific texts /</subfield>
         <subfield code="r">Leichty, E. --</subfield>
         <subfield code="r">Walker, C.B.F. --</subfield>
         <subfield code="t">Assyria in the ninth century : continuity or change? /</subfield>
         <subfield code="r">Liverani, M. --</subfield>
         <subfield code="t">Desperately trying to talk sense : a letter of Assurbanipal concerning his brother Šamaš-šumu-ukin /</subfield>
         <subfield code="r">Parpola, S. --</subfield>
         <subfield code="t">Il-yadaʼ and Sargon's southeast frontier /</subfield>
         <subfield code="r">Postgate, J.N. --</subfield>
         <subfield code="r">Mattila, R.A. --</subfield>
         <subfield code="t">Assyrians as collectors : from accumulation to synthesis /</subfield>
         <subfield code="r">Reade, J. --</subfield>
         <subfield code="t">Assyrian victory chant and related matters /</subfield>
         <subfield code="r">Tadmor, H. --</subfield>
      </datafield>
      <datafield tag="505" ind1="8" ind2="0">
         <subfield code="t">Darius I, commander-in-chief : Bisitun I:35 to III:92 as military history /</subfield>
         <subfield code="r">Young, T.C. --</subfield>
         <subfield code="t">Bibliography of publications by A.K. Grayson /</subfield>
         <subfield code="r">Grau, H. --</subfield>
         <subfield code="r">Novotny, J.R.</subfield>
      </datafield>
      <datafield tag="651" ind1=" " ind2="0">
         <subfield code="a">Assyria</subfield>
         <subfield code="x">History.</subfield>
      </datafield>
      <datafield tag="651" ind1=" " ind2="0">
         <subfield code="a">Babylonia</subfield>
         <subfield code="x">History.</subfield>
      </datafield>
      <datafield tag="600" ind1="1" ind2="4">
         <subfield code="a">Grayson, Albert Kirk.</subfield>
      </datafield>
      <datafield tag="651" ind1=" " ind2="7">
         <subfield code="a">Middle East</subfield>
         <subfield code="z">Assyria.</subfield>
         <subfield code="2">fast</subfield>
         <subfield code="0">(OCoLC)fst01220876</subfield>
      </datafield>
      <datafield tag="651" ind1=" " ind2="7">
         <subfield code="a">Middle East</subfield>
         <subfield code="z">Babylonia.</subfield>
         <subfield code="2">fast</subfield>
         <subfield code="0">(OCoLC)fst01219361</subfield>
      </datafield>
      <datafield tag="655" ind1=" " ind2="7">
         <subfield code="a">History.</subfield>
         <subfield code="2">fast</subfield>
         <subfield code="0">(OCoLC)fst01411628</subfield>
      </datafield>
      <datafield tag="796" ind1="1" ind2=" ">
         <subfield code="a">Tadmor, Hayim,</subfield>
         <subfield code="e">former owner.</subfield>
      </datafield>
      <datafield tag="796" ind1="1" ind2=" ">
         <subfield code="a">Tadmor, Miriam,</subfield>
         <subfield code="e">former owner.</subfield>
      </datafield>
      <datafield tag="797" ind1="2" ind2=" ">
         <subfield code="a">Tadmor Collection.</subfield>
      </datafield>
      <datafield tag="700" ind1="1" ind2=" ">
         <subfield code="a">Grayson, Albert Kirk.</subfield>
      </datafield>
      <datafield tag="700" ind1="1" ind2=" ">
         <subfield code="a">Frame, Grant.</subfield>
      </datafield>
      <datafield tag="700" ind1="1" ind2=" ">
         <subfield code="a">Wilding, Linda S.</subfield>
      </datafield>
      <datafield tag="830" ind1=" " ind2="0">
         <subfield code="a">Uitgaven van het Nederlands Instituut voor het Nabije Oosten te Leiden ;</subfield>
         <subfield code="v">101.</subfield>
         <subfield code="x">0926-9568</subfield>
      </datafield>
      <datafield tag="OWN" ind1=" " ind2=" ">
         <subfield code="a">GENERAL</subfield>
      </datafield>
      <datafield tag="AVA" ind1=" " ind2=" ">
         <subfield code="a">NYU50</subfield>
         <subfield code="b">BOBST</subfield>
         <subfield code="c">Main Collection</subfield>
         <subfield code="d">DS73.7 .F764 2004</subfield>
         <subfield code="e">available</subfield>
         <subfield code="t">Available</subfield>
         <subfield code="f">1</subfield>
         <subfield code="g">0</subfield>
         <subfield code="h">N</subfield>
         <subfield code="i">3</subfield>
         <subfield code="j">MAIN</subfield>
         <subfield code="k">0</subfield>
      </datafield>
      <datafield tag="AVA" ind1=" " ind2=" ">
         <subfield code="a">NYU50</subfield>
         <subfield code="b">NISAW</subfield>
         <subfield code="c">Large Collection</subfield>
         <subfield code="d">DS73.2 .F764 2004</subfield>
         <subfield code="e">available</subfield>
         <subfield code="t">Available</subfield>
         <subfield code="f">1</subfield>
         <subfield code="g">0</subfield>
         <subfield code="h">N</subfield>
         <subfield code="i">0</subfield>
         <subfield code="j">LARGE</subfield>
         <subfield code="k">0</subfield>
      </datafield>
      <marc:datafield tag="852" ind1=" " ind2=" ">
         <marc:subfield code="b">Institute for the Study of the Ancient World, </marc:subfield>
         <marc:subfield code="c">Large Collection</marc:subfield>
         <marc:subfield code="e">15 East 84th St., </marc:subfield>
         <marc:subfield code="e">New York, NY  10028</marc:subfield>
      </marc:datafield>
   </record>