
  
  
  
  
  
  
  
 
  
  <record xsi:schemaLocation="http://www.loc.gov/MARC21/slim http://www.loc.gov/standards/marcxml/schema/MARC21slim.xsd">
      <leader>00000cam a22      i 4500</leader>
      <controlfield tag="FMT">BK</controlfield>
      <controlfield tag="LDR">00000cam a22      i 4500</controlfield>
      <controlfield tag="001">004137883</controlfield>
      <controlfield tag="005">20150511135733.0</controlfield>
      <controlfield tag="008">150511s1960    is abc   b    010 0 heb</controlfield>
      <datafield tag="010" ind1=" " ind2=" ">
         <subfield code="a">   61055922</subfield>
      </datafield>
      <datafield tag="035" ind1=" " ind2=" ">
         <subfield code="a">(OCoLC)19160311</subfield>
         <subfield code="z">(OCoLC)14037339</subfield>
      </datafield>
      <datafield tag="040" ind1=" " ind2=" ">
         <subfield code="a">DLC</subfield>
         <subfield code="b">eng</subfield>
         <subfield code="c">HLS</subfield>
         <subfield code="d">DLC</subfield>
         <subfield code="d">CLU</subfield>
         <subfield code="d">CUV</subfield>
         <subfield code="d">GZM</subfield>
         <subfield code="d">UBY</subfield>
         <subfield code="d">OCLCA</subfield>
         <subfield code="d">OCLCQ</subfield>
         <subfield code="d">OCLCO</subfield>
         <subfield code="d">OCLCA</subfield>
         <subfield code="d">OCLCF</subfield>
         <subfield code="d">NNU</subfield>
      </datafield>
      <datafield tag="041" ind1="0" ind2=" ">
         <subfield code="a">heb</subfield>
         <subfield code="a">eng</subfield>
      </datafield>
      <datafield tag="050" ind1=" " ind2="4">
         <subfield code="a">BS1192</subfield>
         <subfield code="b">.S383 1960</subfield>
      </datafield>
      <datafield tag="050" ind1="0" ind2="0">
         <subfield code="a">BS1192</subfield>
         <subfield code="b">.H3</subfield>
      </datafield>
      <datafield tag="082" ind1="0" ind2="4">
         <subfield code="a">204.5</subfield>
      </datafield>
      <datafield tag="245" ind1="0" ind2="0">
         <subfield code="6">880-01</subfield>
         <subfield code="a">Sefer Tur-Sinai :</subfield>
         <subfield code="b">maʼamarim be-ḥeḳer ha-Tanakh: [mugash li-khevod ha-Prof. N.H. Tur-Sinai li-mel'ot lo shivi'im shanah /</subfield>
         <subfield code="c">ba-ʻarikhat Menaḥem Haran u-B.Ts. Lurya.].</subfield>
      </datafield>
      <datafield tag="246" ind1="3" ind2=" ">
         <subfield code="6">880-02</subfield>
         <subfield code="a">Maʼamarim be-ḥeḳer ha-Tanakh</subfield>
      </datafield>
      <datafield tag="260" ind1=" " ind2=" ">
         <subfield code="6">880-03</subfield>
         <subfield code="a">Jerusalem :</subfield>
         <subfield code="b">ha-Ḥevrah le-ḥeḳer ha-mikra be-Yiśraʼel, ʻal-yede hotsaʼat Ḳiryat-sefer,</subfield>
         <subfield code="c">720 [1960]</subfield>
      </datafield>
      <datafield tag="300" ind1=" " ind2=" ">
         <subfield code="a">4, 346, 11 pages :</subfield>
         <subfield code="b">illustrations, portrait, maps ;</subfield>
         <subfield code="c">24 cm.</subfield>
      </datafield>
      <datafield tag="336" ind1=" " ind2=" ">
         <subfield code="a">text</subfield>
         <subfield code="b">txt</subfield>
         <subfield code="2">rdacontent</subfield>
      </datafield>
      <datafield tag="337" ind1=" " ind2=" ">
         <subfield code="a">unmediated</subfield>
         <subfield code="b">n</subfield>
         <subfield code="2">rdamedia</subfield>
      </datafield>
      <datafield tag="338" ind1=" " ind2=" ">
         <subfield code="a">volume</subfield>
         <subfield code="b">nc</subfield>
         <subfield code="2">rdacarrier</subfield>
      </datafield>
      <datafield tag="490" ind1="1" ind2=" ">
         <subfield code="6">880-04</subfield>
         <subfield code="a">Pirsume ha-Ḥevrah le-ḥeḳer ha-Miḳra be-Yiśraʼel ;</subfield>
         <subfield code="v">sefer 8</subfield>
      </datafield>
      <datafield tag="500" ind1=" " ind2=" ">
         <subfield code="a">Half-title.</subfield>
      </datafield>
      <datafield tag="504" ind1=" " ind2=" ">
         <subfield code="a">Includes bibliographical references, in addition to a bibliography of Professor Tur Sinai's writings from Tamuz 717 (1957) -Elul 719 (1959).</subfield>
      </datafield>
      <datafield tag="546" ind1=" " ind2=" ">
         <subfield code="a">Hebrew with one English article.</subfield>
      </datafield>
      <datafield tag="600" ind1="1" ind2="0">
         <subfield code="a">Tur-Sinai, Naphtali H.</subfield>
         <subfield code="q">(Naphtali Herz),</subfield>
         <subfield code="d">1886-1973.</subfield>
      </datafield>
      <datafield tag="630" ind1="0" ind2="0">
         <subfield code="a">Bible.</subfield>
         <subfield code="p">Old Testament</subfield>
         <subfield code="x">Criticism, interpretation, etc.</subfield>
      </datafield>
      <datafield tag="650" ind1=" " ind2="0">
         <subfield code="a">Hebrew philology.</subfield>
      </datafield>
      <datafield tag="700" ind1="1" ind2=" ">
         <subfield code="a">Haran, Menahem</subfield>
         <subfield code="e">editor.</subfield>
      </datafield>
      <datafield tag="700" ind1="1" ind2=" ">
         <subfield code="a">Lurya, Ben-Tsiyon,</subfield>
         <subfield code="d">1905-</subfield>
         <subfield code="e">editor.</subfield>
      </datafield>
      <datafield tag="700" ind1="1" ind2=" ">
         <subfield code="a">Tur-Sinai, Naphtali H.</subfield>
         <subfield code="q">(Naphtali Herz),</subfield>
         <subfield code="d">1886-1973.</subfield>
      </datafield>
      <datafield tag="710" ind1="2" ind2=" ">
         <subfield code="a">Ḥevrah le-ḥeḳer ha-Miḳra be-Yiśraʼel.</subfield>
      </datafield>
      <datafield tag="752" ind1=" " ind2=" ">
         <subfield code="a">Israel</subfield>
         <subfield code="d">Jerusalem.</subfield>
      </datafield>
      <datafield tag="776" ind1="0" ind2="8">
         <subfield code="i">Online version:</subfield>
         <subfield code="t">Sefer Tur-Sinai.</subfield>
         <subfield code="d">Jerusalem : ha-Ḥevrah le-ḥeḳer ha-mikra be-Yiśraʼel, ʻal-yede hotsaʼat Ḳiryat-sefer, 720 [1960]</subfield>
         <subfield code="w">(OCoLC)655797045</subfield>
      </datafield>
      <datafield tag="880" ind1="0" ind2="0">
         <subfield code="6">245-01/</subfield>
         <subfield code="a">ספר טור-סיני :</subfield>
         <subfield code="b">מאמרים בחקר התנ"ך : [מוגש לכבוד הפרופ' נ.ה. טור-סיני למלאת לו שבעים שנה /</subfield>
         <subfield code="c">בעריכת מנחם הרן וב"צ לוריא].</subfield>
      </datafield>
      <datafield tag="880" ind1="3" ind2=" ">
         <subfield code="6">246-02/</subfield>
         <subfield code="a">מאמרים בחקר התנ"ך</subfield>
      </datafield>
      <datafield tag="880" ind1=" " ind2=" ">
         <subfield code="6">260-03/</subfield>
         <subfield code="a">ירושלים :</subfield>
         <subfield code="b">הוצאת החברה לחקר המקרא בישראל ע"י הוצאת קרית-ספר,</subfield>
         <subfield code="c">תש"ך, [1960].</subfield>
      </datafield>
      <datafield tag="880" ind1="1" ind2=" ">
         <subfield code="6">490-04/</subfield>
         <subfield code="a">פרסומי החברה לחקר המקרא בישראל ;</subfield>
         <subfield code="v">ספר ח</subfield>
      </datafield>
      <datafield tag="830" ind1=" " ind2="0">
         <subfield code="6">880-05</subfield>
         <subfield code="a">Pirsume ha-Ḥevrah le-ḥeḳer ha-Miḳra be-Yiśraʼel ;</subfield>
         <subfield code="v">sefer 8.</subfield>
      </datafield>
      <datafield tag="880" ind1=" " ind2="0">
         <subfield code="6">830-05/</subfield>
         <subfield code="a">פרסומי החברה לחקר המקרא בישראל ;</subfield>
         <subfield code="v">ספר ח.</subfield>
      </datafield>
      <datafield tag="OWN" ind1=" " ind2=" ">
         <subfield code="a">GENERAL</subfield>
      </datafield>
      <datafield tag="AVA" ind1=" " ind2=" ">
         <subfield code="a">NYU50</subfield>
         <subfield code="b">NISAW</subfield>
         <subfield code="c">Small Collection</subfield>
         <subfield code="d">BS1192 .S383 1960</subfield>
         <subfield code="e">unavailable</subfield>
         <subfield code="t">Unavailable</subfield>
         <subfield code="f">1</subfield>
         <subfield code="g">1</subfield>
         <subfield code="h">N</subfield>
         <subfield code="i">0</subfield>
         <subfield code="j">SMALL</subfield>
         <subfield code="k">0</subfield>
      </datafield>
      <marc:datafield tag="852" ind1=" " ind2=" ">
         <marc:subfield code="b">Institute for the Study of the Ancient World, </marc:subfield>
         <marc:subfield code="c">Small Collection</marc:subfield>
         <marc:subfield code="e">15 East 84th St., </marc:subfield>
         <marc:subfield code="e">New York, NY  10028</marc:subfield>
      </marc:datafield>
   </record>