
  
  
  
  
  
 
  
  <record xsi:schemaLocation="http://www.loc.gov/MARC21/slim http://www.loc.gov/standards/marcxml/schema/MARC21slim.xsd">
      <leader>00000cam  2200505 a 4500</leader>
      <controlfield tag="FMT">BK</controlfield>
      <controlfield tag="LDR">00000cam  2200505 a 4500</controlfield>
      <controlfield tag="001">004137896</controlfield>
      <controlfield tag="003">OCoLC</controlfield>
      <controlfield tag="005">20150511150216.0</controlfield>
      <controlfield tag="008">150511s1614    sz ae         001 0 ger d</controlfield>
      <datafield tag="035" ind1=" " ind2=" ">
         <subfield code="a">(OCoLC)79811801</subfield>
      </datafield>
      <datafield tag="040" ind1=" " ind2=" ">
         <subfield code="a">DNGA</subfield>
         <subfield code="b">eng</subfield>
         <subfield code="e">dcrb</subfield>
         <subfield code="c">CNCCA</subfield>
         <subfield code="d">OCLCG</subfield>
         <subfield code="d">JPG</subfield>
         <subfield code="d">ZCU</subfield>
         <subfield code="d">OCLCA</subfield>
         <subfield code="d">OCLCF</subfield>
         <subfield code="d">OCLCO</subfield>
         <subfield code="d">OCLCQ</subfield>
         <subfield code="d">NNU</subfield>
      </datafield>
      <datafield tag="041" ind1="1" ind2=" ">
         <subfield code="a">ger</subfield>
         <subfield code="h">lat</subfield>
      </datafield>
      <datafield tag="050" ind1="1" ind2="4">
         <subfield code="a">NA2517</subfield>
         <subfield code="b">.V715 1614</subfield>
      </datafield>
      <datafield tag="100" ind1="0" ind2=" ">
         <subfield code="a">Vitruvius Pollio.</subfield>
      </datafield>
      <datafield tag="240" ind1="1" ind2="0">
         <subfield code="a">De architectura.</subfield>
         <subfield code="l">German</subfield>
      </datafield>
      <datafield tag="245" ind1="1" ind2="0">
         <subfield code="a">Vitruuius, des aller namhafftigisten vnnd hocherfahrnesten, römischen Architecti, vnnd kunstreichen Werck oder Bawmeisters, Marci Vitruuij Pollionis, zehen Bücher von der Architectur vnd künstlichem Bawen ... /</subfield>
         <subfield code="c">erstmals verteutscht, vnnd in Truck verordnet, durch, D. Gualtherum H. Riuium ... jetzt aber an vilen Orten verbessert.</subfield>
      </datafield>
      <datafield tag="246" ind1="3" ind2=" ">
         <subfield code="a">Vitruuius, des allernamhafftigisten vnnd hocherfahrnesten, römischen Architecti, vnnd kunstreichen Werck oder Bawmeisters, Marci Vitruuij Pollionis, zehen Bücher von der Architectur vnd künstlichem Bawen</subfield>
      </datafield>
      <datafield tag="246" ind1="3" ind2=" ">
         <subfield code="a">Vitruvius, des aller namhafftigisten unnd hocherfahrnesten, römischen Architecti, unnd kunstreichen Werck oder Bawmeisters, Marci Vitruvii Pollionis, zehen Bücher von der Architectur und künstlichem Bauen</subfield>
      </datafield>
      <datafield tag="246" ind1="3" ind2=" ">
         <subfield code="a">Zehen Bücher von der Architectur vnd künstlichem Bawen</subfield>
      </datafield>
      <datafield tag="246" ind1="3" ind2=" ">
         <subfield code="a">Zehen Bücher von der Architectur und künstlichem Bauen</subfield>
      </datafield>
      <datafield tag="260" ind1=" " ind2=" ">
         <subfield code="a">Gedruckt zu Basel :</subfield>
         <subfield code="b">Durch Sebastian Henricpetri,</subfield>
         <subfield code="c">M. DC. XIV [1614]</subfield>
      </datafield>
      <datafield tag="300" ind1=" " ind2=" ">
         <subfield code="a">[32], 613, [3] p. :</subfield>
         <subfield code="b">ill. (woodcuts), plans ;</subfield>
         <subfield code="c">34 cm. (fol.)</subfield>
      </datafield>
      <datafield tag="336" ind1=" " ind2=" ">
         <subfield code="a">text</subfield>
         <subfield code="b">txt</subfield>
         <subfield code="2">rdacontent</subfield>
      </datafield>
      <datafield tag="337" ind1=" " ind2=" ">
         <subfield code="a">unmediated</subfield>
         <subfield code="b">n</subfield>
         <subfield code="2">rdamedia</subfield>
      </datafield>
      <datafield tag="338" ind1=" " ind2=" ">
         <subfield code="a">volume</subfield>
         <subfield code="b">nc</subfield>
         <subfield code="2">rdacarrier</subfield>
      </datafield>
      <datafield tag="500" ind1=" " ind2=" ">
         <subfield code="a">Date from colophon.</subfield>
      </datafield>
      <datafield tag="500" ind1=" " ind2=" ">
         <subfield code="a">Ryff's German translation was originally published in Nuremberg in 1548. A second ed. was published by Henricpetri's in 1575.</subfield>
      </datafield>
      <datafield tag="500" ind1=" " ind2=" ">
         <subfield code="a">Signatures: a⁶ b⁴ c⁶ ²a-z⁶ A-2D⁶ E⁸ [$4 signed ( -a1;+2E5)].</subfield>
      </datafield>
      <datafield tag="500" ind1=" " ind2=" ">
         <subfield code="a">Includes index.</subfield>
      </datafield>
      <datafield tag="510" ind1="4" ind2=" ">
         <subfield code="a">Fowler,</subfield>
         <subfield code="c">412 (2nd ed.)</subfield>
      </datafield>
      <datafield tag="650" ind1=" " ind2="0">
         <subfield code="a">Architecture</subfield>
         <subfield code="v">Early works to 1800.</subfield>
      </datafield>
      <datafield tag="650" ind1=" " ind2="7">
         <subfield code="a">Architecture.</subfield>
         <subfield code="2">fast</subfield>
         <subfield code="0">(OCoLC)fst00813346</subfield>
      </datafield>
      <datafield tag="654" ind1="2" ind2=" ">
         <subfield code="a">Architectural theory.</subfield>
         <subfield code="c">b</subfield>
         <subfield code="2">aat</subfield>
      </datafield>
      <datafield tag="655" ind1="0" ind2="7">
         <subfield code="a">Treatises.</subfield>
         <subfield code="c">v</subfield>
         <subfield code="2">aat</subfield>
      </datafield>
      <datafield tag="655" ind1="0" ind2="7">
         <subfield code="a">Woodcuts.</subfield>
         <subfield code="c">v</subfield>
         <subfield code="2">aat</subfield>
      </datafield>
      <datafield tag="655" ind1=" " ind2="7">
         <subfield code="a">Early works.</subfield>
         <subfield code="2">fast</subfield>
         <subfield code="0">(OCoLC)fst01411636</subfield>
      </datafield>
      <datafield tag="700" ind1="1" ind2=" ">
         <subfield code="a">Ryff, Walther Hermann,</subfield>
         <subfield code="d">-1548.</subfield>
      </datafield>
      <datafield tag="776" ind1="0" ind2="8">
         <subfield code="i">Online version:</subfield>
         <subfield code="a">Vitruvius Pollio.</subfield>
         <subfield code="s">De architectura. German.</subfield>
         <subfield code="t">Vitruuius, des aller namhafftigisten vnnd hocherfahrnesten, römischen Architecti, vnnd kunstreichen Werck oder Bawmeisters, Marci Vitruuij Pollionis, zehen Bücher von der Architectur vnd künstlichem Bawen .</subfield>
         <subfield code="d">Gedruckt zu Basel : Durch Sebastian Henricpetri, M. DC. XIV [1614]</subfield>
         <subfield code="w">(OCoLC)889829092</subfield>
      </datafield>
      <datafield tag="994" ind1=" " ind2=" ">
         <subfield code="a">Z0</subfield>
         <subfield code="b">ZYU</subfield>
      </datafield>
      <datafield tag="OWN" ind1=" " ind2=" ">
         <subfield code="a">GENERAL</subfield>
      </datafield>
      <datafield tag="AVA" ind1=" " ind2=" ">
         <subfield code="a">NYU50</subfield>
         <subfield code="b">NISAW</subfield>
         <subfield code="c">Antiquarian Collection</subfield>
         <subfield code="d">NA2517 .V715 1614</subfield>
         <subfield code="e">available</subfield>
         <subfield code="t">Available</subfield>
         <subfield code="f">1</subfield>
         <subfield code="g">0</subfield>
         <subfield code="h">N</subfield>
         <subfield code="i">0</subfield>
         <subfield code="j">ANT2</subfield>
         <subfield code="k">0</subfield>
      </datafield>
      <marc:datafield tag="852" ind1=" " ind2=" ">
         <marc:subfield code="b">Institute for the Study of the Ancient World, </marc:subfield>
         <marc:subfield code="c">Antiquarian Collection</marc:subfield>
         <marc:subfield code="e">15 East 84th St., </marc:subfield>
         <marc:subfield code="e">New York, NY  10028</marc:subfield>
      </marc:datafield>
   </record>