
  
  
  
  
  
  
  
 
  
  <record xsi:schemaLocation="http://www.loc.gov/MARC21/slim http://www.loc.gov/standards/marcxml/schema/MARC21slim.xsd">
      <leader>00000cam a22      a 4500</leader>
      <controlfield tag="FMT">BK</controlfield>
      <controlfield tag="LDR">00000cam a22      a 4500</controlfield>
      <controlfield tag="001">004138131</controlfield>
      <controlfield tag="005">20150512151940.0</controlfield>
      <controlfield tag="008">150512s1960    is c     b    010 0 heb</controlfield>
      <datafield tag="010" ind1=" " ind2=" ">
         <subfield code="a">   62055320</subfield>
      </datafield>
      <datafield tag="035" ind1=" " ind2=" ">
         <subfield code="a">(OCoLC)19160285</subfield>
      </datafield>
      <datafield tag="040" ind1=" " ind2=" ">
         <subfield code="a">DLC</subfield>
         <subfield code="b">eng</subfield>
         <subfield code="c">HLS</subfield>
         <subfield code="d">GZM</subfield>
         <subfield code="d">OCL</subfield>
         <subfield code="d">EYM</subfield>
         <subfield code="d">EUM</subfield>
         <subfield code="d">OCLCA</subfield>
         <subfield code="d">OCLCQ</subfield>
         <subfield code="d">OCLCA</subfield>
         <subfield code="d">OCLCF</subfield>
         <subfield code="d">NNU</subfield>
      </datafield>
      <datafield tag="050" ind1=" " ind2="4">
         <subfield code="a">BS1192</subfield>
         <subfield code="b">.H28 1966</subfield>
      </datafield>
      <datafield tag="050" ind1="0" ind2="0">
         <subfield code="a">BS1192</subfield>
         <subfield code="b">.H28</subfield>
      </datafield>
      <datafield tag="245" ind1="0" ind2="0">
         <subfield code="6">880-01</subfield>
         <subfield code="a">Sefer ha-yovel li-Yeḥezḳel Koifman :</subfield>
         <subfield code="b">meḥḳarim ba-miḳra uve-toldot ha-emunah ha-Yiśreʼelit mugashim lo be-hagi'o le-sevah /</subfield>
         <subfield code="c">ʻarakh Menaḥem Haran.</subfield>
      </datafield>
      <datafield tag="246" ind1="1" ind2="5">
         <subfield code="a">Yehezkel Kaufmann jubilee volume, studies in Bible and Jewish religion. Dedicated to Yehezkel Kaufmann, on the occasion of his seventieth birthday</subfield>
      </datafield>
      <datafield tag="260" ind1=" " ind2=" ">
         <subfield code="6">880-02</subfield>
         <subfield code="a">Yerushalayim :</subfield>
         <subfield code="b">Ḥotsaʼat sefarim ʻal-shem Y.L. Magnes, ha-Universiṭah ha-ʻIvrit,</subfield>
         <subfield code="c">721 [1960]</subfield>
      </datafield>
      <datafield tag="300" ind1=" " ind2=" ">
         <subfield code="a">xii, 158, 114 pages :</subfield>
         <subfield code="b">portrait ;</subfield>
         <subfield code="c">25 cm</subfield>
      </datafield>
      <datafield tag="336" ind1=" " ind2=" ">
         <subfield code="a">text</subfield>
         <subfield code="b">txt</subfield>
         <subfield code="2">rdacontent</subfield>
      </datafield>
      <datafield tag="337" ind1=" " ind2=" ">
         <subfield code="a">unmediated</subfield>
         <subfield code="b">n</subfield>
         <subfield code="2">rdamedia</subfield>
      </datafield>
      <datafield tag="338" ind1=" " ind2=" ">
         <subfield code="a">volume</subfield>
         <subfield code="b">nc</subfield>
         <subfield code="2">rdacarrier</subfield>
      </datafield>
      <datafield tag="504" ind1=" " ind2=" ">
         <subfield code="a">Includes bibliographical references.</subfield>
      </datafield>
      <datafield tag="505" ind1="0" ind2=" ">
         <subfield code="a">Some postulates of Biblical criminal law, by M. Greenberg.--Leviticus and the critics, by E.A. Speiser.--David the dancer, by C.H. Gordon.--Studies in Hosea 1-3, by H.L. Ginsberg.--The date of Ezra's mission to Jerusalem, by J. Bright.--Introduction to rabbinic ethics, by M. Kadushin.</subfield>
      </datafield>
      <datafield tag="505" ind1="0" ind2=" ">
         <subfield code="a">Haḳdamah-- Profesor Yeḥezḳel Ḳoifman, ḳaṿim le-foʻolo ṿeli-demuto, me-et Y.A. Zeligman-- Kitve Yeḥezḳel Ḳoifman, bibliyografyah (p. 1-6)-- Gevulah ha-deromi-maʻaravi shel erets ha-yeʻud, me-et Y.M. Grints-- Ha-maʻarakh ha-pulḥani ha-penimi u-mashmaʻuto ha-simlit, me-et M. Haran-- Parashat ha-bikurim, me-et Y. Guṭman-- Parashat maḥatsit ha-sheḳel, me-et Y. Liṿer-- Ha-gevul ha-tsefoni shel mamlekhet Daṿid, me-et A. Biram-- Ha-reḳaʻ ha-hisṭori shel nevuʼot Hosheʻa, me-et Ḥ. Tadmor-- Ziḳato shel Sefer Devarim le-ḥokhmah, me-et M. Ṿainfeld-- Ḥokhmot bantah betah ḥatsvah ʻamudehah shivʻah (Mish. 9, 1) me-et N.H. Ṭur-Sinai-- "Mah le-maʻlah u-mah le-maṭah, mah le-fanim u-mah le-aḥor", me-et Sh. A. Leṿenshṭam-- ʻIyunim be-deʻot Ḥazal ʻal ha-hashgaḥah, me-et A.A. Orbakh-- Ha-ḥerem be- ... uva-Miḳra, me-et A. malamaṭ.</subfield>
      </datafield>
      <datafield tag="500" ind1=" " ind2=" ">
         <subfield code="a">ISAW copy is from the Library of Hayim and Miriam Tadmor.</subfield>
         <subfield code="5">NNU</subfield>
      </datafield>
      <datafield tag="600" ind1="1" ind2="0">
         <subfield code="a">Kaufmann, Yeḥezkel,</subfield>
         <subfield code="d">1889-1963.</subfield>
      </datafield>
      <datafield tag="630" ind1="0" ind2="0">
         <subfield code="a">Bible.</subfield>
         <subfield code="p">Old Testament</subfield>
         <subfield code="x">Criticism, interpretation, etc.</subfield>
      </datafield>
      <datafield tag="650" ind1=" " ind2="0">
         <subfield code="a">Jewish law</subfield>
         <subfield code="x">Biblical teaching.</subfield>
      </datafield>
      <datafield tag="650" ind1=" " ind2="0">
         <subfield code="a">Wisdom literature</subfield>
         <subfield code="x">Criticism, interpretation,.</subfield>
      </datafield>
      <datafield tag="650" ind1=" " ind2="0">
         <subfield code="a">Worship in the Bible.</subfield>
      </datafield>
      <datafield tag="700" ind1="1" ind2=" ">
         <subfield code="a">Haran, Menahem.</subfield>
      </datafield>
      <datafield tag="752" ind1=" " ind2=" ">
         <subfield code="a">Israel</subfield>
         <subfield code="d">Jerusalem.</subfield>
      </datafield>
      <datafield tag="776" ind1="0" ind2="8">
         <subfield code="i">Online version:</subfield>
         <subfield code="t">Sefer ha-yovel li-Yeḥezḳel Koifman.</subfield>
         <subfield code="d">Yerushalayim : Ḥotsaʼat sefarim ʻal-shem Y.L. Magnes, ha-Universiṭah ha-ʻIvrit, 721 [1960]</subfield>
         <subfield code="w">(OCoLC)654738526</subfield>
      </datafield>
      <datafield tag="796" ind1="1" ind2=" ">
         <subfield code="a">Tadmor, Hayim,</subfield>
         <subfield code="e">former owner.</subfield>
      </datafield>
      <datafield tag="796" ind1="1" ind2=" ">
         <subfield code="a">Tadmor, Miriam,</subfield>
         <subfield code="e">former owner.</subfield>
      </datafield>
      <datafield tag="797" ind1="2" ind2=" ">
         <subfield code="a">Tadmor Collection.</subfield>
      </datafield>
      <datafield tag="880" ind1="0" ind2="0">
         <subfield code="6">245-01/</subfield>
         <subfield code="a">ספר היובל ליחזקאל קויפמן :</subfield>
         <subfield code="b">מחקרים במקרא ובתולדות האמונה הישראלית מוגשים לו בהגיעו לשיבה /</subfield>
         <subfield code="c">ערך מנחם חרן.</subfield>
      </datafield>
      <datafield tag="880" ind1=" " ind2=" ">
         <subfield code="6">260-02/</subfield>
         <subfield code="a">ירושלים :</subfield>
         <subfield code="b">הוצאת ספרים ע״ש י. ל. מאגנס, האוניברסיטה העברית,</subfield>
         <subfield code="c">[1960] 721.</subfield>
      </datafield>
      <datafield tag="OWN" ind1=" " ind2=" ">
         <subfield code="a">GENERAL</subfield>
      </datafield>
      <datafield tag="AVA" ind1=" " ind2=" ">
         <subfield code="a">NYU50</subfield>
         <subfield code="b">NISAW</subfield>
         <subfield code="c">Small Collection</subfield>
         <subfield code="d">BS1192 .H28 1966</subfield>
         <subfield code="e">available</subfield>
         <subfield code="t">Available</subfield>
         <subfield code="f">1</subfield>
         <subfield code="g">0</subfield>
         <subfield code="h">N</subfield>
         <subfield code="i">0</subfield>
         <subfield code="j">SMALL</subfield>
         <subfield code="k">0</subfield>
      </datafield>
      <marc:datafield tag="852" ind1=" " ind2=" ">
         <marc:subfield code="b">Institute for the Study of the Ancient World, </marc:subfield>
         <marc:subfield code="c">Small Collection</marc:subfield>
         <marc:subfield code="e">15 East 84th St., </marc:subfield>
         <marc:subfield code="e">New York, NY  10028</marc:subfield>
      </marc:datafield>
   </record>