
  
  
  
  
  
  
  
 
  
  <record xsi:schemaLocation="http://www.loc.gov/MARC21/slim http://www.loc.gov/standards/marcxml/schema/MARC21slim.xsd">
      <leader>00000nam a2200361 a 45M</leader>
      <controlfield tag="FMT">BK</controlfield>
      <controlfield tag="LDR">00000nam a2200361 a 45M</controlfield>
      <controlfield tag="001">002207944</controlfield>
      <controlfield tag="003">NNU</controlfield>
      <controlfield tag="005">20150512111658.0</controlfield>
      <controlfield tag="008">941209s1970    is       b    010 0dheb</controlfield>
      <datafield tag="010" ind1=" " ind2=" ">
         <subfield code="a">74952210</subfield>
      </datafield>
      <datafield tag="035" ind1="9" ind2=" ">
         <subfield code="a">NYUb11250694</subfield>
      </datafield>
      <datafield tag="035" ind1=" " ind2=" ">
         <subfield code="a">(CStRLIN)NYUG94-B50365</subfield>
      </datafield>
      <datafield tag="040" ind1=" " ind2=" ">
         <subfield code="a">DLC</subfield>
         <subfield code="c">KKU</subfield>
         <subfield code="d">KKU</subfield>
         <subfield code="d">m.c.</subfield>
         <subfield code="d">m/c</subfield>
         <subfield code="d">NNU</subfield>
      </datafield>
      <datafield tag="041" ind1="0" ind2=" ">
         <subfield code="a">heb</subfield>
         <subfield code="a">eng</subfield>
      </datafield>
      <datafield tag="050" ind1=" " ind2="4">
         <subfield code="a">DS102.4</subfield>
         <subfield code="b">.Z54 1970</subfield>
      </datafield>
      <datafield tag="050" ind1="0" ind2=" ">
         <subfield code="a">DS102.4</subfield>
         <subfield code="b">.Z54</subfield>
      </datafield>
      <datafield tag="066" ind1=" " ind2=" ">
         <subfield code="c">(2</subfield>
      </datafield>
      <datafield tag="245" ind1="0" ind2="0">
         <subfield code="6">880-01</subfield>
         <subfield code="a">Sefer zikaron li-Gedalyahu Alon :</subfield>
         <subfield code="b">meḥeka-rim be-toldot yiśraʼel veba-lashon ha-ʻivrit /</subfield>
         <subfield code="c">ba-ʻarikot Menaḥem Doreman, Shemuʼel Saferai ve-Menaḥem Śteren.</subfield>
      </datafield>
      <datafield tag="246" ind1="1" ind2="4">
         <subfield code="6">880-02</subfield>
         <subfield code="a">Meḥḳarim be-toldot Yisraʼel uva-lashon ha-ʻIvrit</subfield>
      </datafield>
      <datafield tag="246" ind1="1" ind2="5">
         <subfield code="a">In memory of Gedaliahu Alon, essays in Jewish history and philology</subfield>
      </datafield>
      <datafield tag="260" ind1=" " ind2=" ">
         <subfield code="6">880-03</subfield>
         <subfield code="a">Tel-Aviv :</subfield>
         <subfield code="b">ha-Kibuts ha-meʼuḥad,</subfield>
         <subfield code="c">730 [1970]</subfield>
      </datafield>
      <datafield tag="300" ind1=" " ind2=" ">
         <subfield code="a">294 p. ;</subfield>
         <subfield code="c">23 cm.</subfield>
      </datafield>
      <datafield tag="504" ind1=" " ind2=" ">
         <subfield code="a">Includes bibliographical references.</subfield>
      </datafield>
      <datafield tag="500" ind1=" " ind2=" ">
         <subfield code="a">Title on added t.p.: In memory of Gedaliahu Alon, essays in Jewish history and philology.</subfield>
      </datafield>
      <datafield tag="505" ind1="0" ind2=" ">
         <subfield code="6">880-04</subfield>
         <subfield code="a">Gedalyahu Alon, meʼet Y. Be'r. -- Tsiyonim beyograʼfiyim. -- Baʻayot ba-hisṭoriah shel ha-lashon haʻIvrit, meʼet Y. Bel'o. -- Leʻinyan shemotaṿ shel 'Elohe haʼavot, meʼet Sh. Yavin. -- Kayin ṿe-Hevel, meʼet B. 'Openhaimer. -- Shimʻon ben-Sheṭaḥ ṿe-Yan'ai ha-Melekh, meʼet Y. Efron. -- Perushim, tseduḳim ṿeʼasiyim be-pesher Naḥum, meʼet D. Pelosar. -- Divre Sṭra'bon ʻal ha-Yehudim, meʼet M. Shṭern. -- Maʻamad haʼezraḥut shel Yehude Kirini, meʼet Sh. Apulbum. -- Beḥinot ḥadashot le-baʻayat maʻamado u-maʻasaṿ shel Raban Yoḥanan ben Zakai leʼaḥar ha-ḥurban, meʼet Sh. Safrai. -- Shesh milim mi-Kohelet rabah, meʼet Sh. Liberman. -- Ḥuʼan Ramires mayurdomus shel ha-Ḳardinel Frantsisḳo Himenes de Sisneros, meʼet H. Bainaʼrṭ. -- Kaṿim le-temunat ʻolamo ha-ruḥani ṿeha-ḥevrati shel keranisṭon Yehudi beshalhe yemai ha-benayim, meʼet H.H. Ben Sashon. -- Bibliyograʼfiyah shel kitve Gedalyahu Alon (p.292-294).</subfield>
      </datafield>
      <datafield tag="546" ind1=" " ind2=" ">
         <subfield code="a">Hebrew with English added title page.</subfield>
      </datafield>
      <datafield tag="500" ind1=" " ind2=" ">
         <subfield code="a">ISAW copy is from the Library of Hayim and Miriam Tadmor.</subfield>
         <subfield code="5">NNU</subfield>
      </datafield>
      <datafield tag="600" ind1="1" ind2="0">
         <subfield code="a">Alon, Gedalia.</subfield>
      </datafield>
      <datafield tag="650" ind1=" " ind2="0">
         <subfield code="a">Jews</subfield>
         <subfield code="x">History</subfield>
         <subfield code="y">168 B.C.-135 A.D.</subfield>
      </datafield>
      <datafield tag="650" ind1=" " ind2="0">
         <subfield code="a">Jews</subfield>
         <subfield code="x">History.</subfield>
      </datafield>
      <datafield tag="650" ind1=" " ind2="0">
         <subfield code="a">Hebrew language.</subfield>
      </datafield>
      <datafield tag="650" ind1=" " ind2="0">
         <subfield code="a">Jewish sects.</subfield>
      </datafield>
      <datafield tag="700" ind1="1" ind2=" ">
         <subfield code="6">880-05</subfield>
         <subfield code="a">Alon, Gedalia.</subfield>
      </datafield>
      <datafield tag="700" ind1="1" ind2=" ">
         <subfield code="a">Dorman, Menaḥem</subfield>
         <subfield code="6">880-06</subfield>
      </datafield>
      <datafield tag="700" ind1="1" ind2=" ">
         <subfield code="6">880-07</subfield>
         <subfield code="a">Safrai, Shemuel.</subfield>
      </datafield>
      <datafield tag="700" ind1="1" ind2=" ">
         <subfield code="a">Stern, Menahem</subfield>
         <subfield code="6">880-08</subfield>
      </datafield>
      <datafield tag="740" ind1="0" ind2=" ">
         <subfield code="a">In memory of Gedaliahu Alon, essays in Jewish history and philology.</subfield>
      </datafield>
      <datafield tag="796" ind1="1" ind2=" ">
         <subfield code="a">Tadmor, Hayim,</subfield>
         <subfield code="e">former owner.</subfield>
      </datafield>
      <datafield tag="796" ind1="1" ind2=" ">
         <subfield code="a">Tadmor, Miriam,</subfield>
         <subfield code="e">former owner.</subfield>
      </datafield>
      <datafield tag="797" ind1="2" ind2=" ">
         <subfield code="a">Tadmor Collection.</subfield>
      </datafield>
      <datafield tag="880" ind1="0" ind2="0">
         <subfield code="6">245-01/</subfield>
         <subfield code="a">ספר זברון לגדליהו אלון :</subfield>
         <subfield code="b">מחקרים בתולדות ישראל ובלשון העברית /</subfield>
         <subfield code="c">בעריכת מנחם דורמן, שמואל ספראי, ומנחם שטרן.</subfield>
      </datafield>
      <datafield tag="880" ind1="1" ind2="4">
         <subfield code="6">246-02/</subfield>
         <subfield code="a">מחקרים בתולדות ישראל ובלשון העברית</subfield>
      </datafield>
      <datafield tag="880" ind1=" " ind2=" ">
         <subfield code="6">260-03/</subfield>
         <subfield code="a">תל־אביב :</subfield>
         <subfield code="b">הקבוץ המאוחד,</subfield>
         <subfield code="c">730, [1970]</subfield>
      </datafield>
      <datafield tag="880" ind1="0" ind2=" ">
         <subfield code="6">505-04/</subfield>
         <subfield code="a">גדליהו אלון, מאת י. בער. ־־ ציונים ביוגראפיים. ־־ בעיות בהיסטוריה של הלשון העברית, מאת י. בלאו. ־־ לענין שמותיו של אלהי האבות, מאת ש. ייבין. ־־ קין והבל, מאת ב. אופנהיימר. ־־ שמעון בן־שטח וינאי המלך, מאת י. אפרון. ־־ פרושים, צדוקים ואסיים בפשר נחום, מאת ד. פלוסר. ־־ דברי סטראבון על היהודים, מאת מ. שטרן. ־־ מעמד האזרחות של יהודי קיריני, מאת ש. אפלבאום. ־־ בחינות חדשות לבעיית מעמדו ומעשיו של רבן יוחנן בן זכאי לאחר החורבן, מאת ש. ספראי. ־־ שש מלים מקהלת רבה, מאת ש. ליברמן. ־־ חואן רמירס, מאיורדומוס של הקרדינל פרנציסקו חימנס די סיסנרוס, מאת ח. ביינארט. ־־ קווים לתמונת עולמו הרוחני והחברתי של כרוניסטון יהודי בשלהי ימי הביניים, מאת ח.ח. בן ששון. ־־ ביבליוגראפיה של כתבי גדליה אלון (p.292-294).</subfield>
      </datafield>
      <datafield tag="880" ind1="0" ind2=" ">
         <subfield code="6">700-05/</subfield>
         <subfield code="a">גדליהו אלון.</subfield>
      </datafield>
      <datafield tag="880" ind1="0" ind2=" ">
         <subfield code="6">700-06/</subfield>
         <subfield code="a">מנחם דורמן.</subfield>
      </datafield>
      <datafield tag="880" ind1="0" ind2=" ">
         <subfield code="6">700-07/</subfield>
         <subfield code="a">שמואל ספראי.</subfield>
      </datafield>
      <datafield tag="880" ind1="0" ind2=" ">
         <subfield code="6">700-08/</subfield>
         <subfield code="a">מנחם שטרן.</subfield>
      </datafield>
      <datafield tag="OWN" ind1=" " ind2=" ">
         <subfield code="a">GENERAL</subfield>
      </datafield>
      <datafield tag="AVA" ind1=" " ind2=" ">
         <subfield code="a">NYU50</subfield>
         <subfield code="b">BOBST</subfield>
         <subfield code="c">Main Collection</subfield>
         <subfield code="d">DS102.4 .Z54</subfield>
         <subfield code="e">unavailable</subfield>
         <subfield code="t">Unavailable</subfield>
         <subfield code="f">1</subfield>
         <subfield code="g">1</subfield>
         <subfield code="h">N</subfield>
         <subfield code="i">0</subfield>
         <subfield code="j">MAIN</subfield>
         <subfield code="k">0</subfield>
      </datafield>
      <datafield tag="AVA" ind1=" " ind2=" ">
         <subfield code="a">NYU50</subfield>
         <subfield code="b">NISAW</subfield>
         <subfield code="c">Small Collection</subfield>
         <subfield code="d">DS102.4 .Z54 1970</subfield>
         <subfield code="e">available</subfield>
         <subfield code="t">Available</subfield>
         <subfield code="f">1</subfield>
         <subfield code="g">0</subfield>
         <subfield code="h">N</subfield>
         <subfield code="i">0</subfield>
         <subfield code="j">SMALL</subfield>
         <subfield code="k">0</subfield>
      </datafield>
      <marc:datafield tag="852" ind1=" " ind2=" ">
         <marc:subfield code="b">Institute for the Study of the Ancient World, </marc:subfield>
         <marc:subfield code="c">Small Collection</marc:subfield>
         <marc:subfield code="e">15 East 84th St., </marc:subfield>
         <marc:subfield code="e">New York, NY  10028</marc:subfield>
      </marc:datafield>
   </record>