
  
  
  
  
  
  
  
 
  
  <record xsi:schemaLocation="http://www.loc.gov/MARC21/slim http://www.loc.gov/standards/marcxml/schema/MARC21slim.xsd">
      <leader>00000cam  2200817 a 4500</leader>
      <controlfield tag="FMT">BK</controlfield>
      <controlfield tag="LDR">00000cam  2200817 a 4500</controlfield>
      <controlfield tag="001">004138148</controlfield>
      <controlfield tag="003">OCoLC</controlfield>
      <controlfield tag="005">20150512161312.0</controlfield>
      <controlfield tag="008">150512s1983    cc a     bc   000 0 chi</controlfield>
      <datafield tag="010" ind1=" " ind2=" ">
         <subfield code="a">84234121</subfield>
      </datafield>
      <datafield tag="035" ind1=" " ind2=" ">
         <subfield code="a">(OCoLC)13727554</subfield>
         <subfield code="z">(OCoLC)426404845</subfield>
         <subfield code="z">(OCoLC)865747554</subfield>
      </datafield>
      <datafield tag="040" ind1=" " ind2=" ">
         <subfield code="a">DLC-R</subfield>
         <subfield code="b">eng</subfield>
         <subfield code="c">DLC</subfield>
         <subfield code="d">HUA</subfield>
         <subfield code="d">SINLB</subfield>
         <subfield code="d">OCLCA</subfield>
         <subfield code="d">HUA</subfield>
         <subfield code="d">OCLCF</subfield>
         <subfield code="d">OCLCQ</subfield>
         <subfield code="d">OCLCO</subfield>
         <subfield code="d">SLY</subfield>
         <subfield code="d">ZYU</subfield>
         <subfield code="d">NNU</subfield>
      </datafield>
      <datafield tag="043" ind1=" " ind2=" ">
         <subfield code="a">a-cc---</subfield>
         <subfield code="a">a-cc-lp</subfield>
      </datafield>
      <datafield tag="050" ind1="0" ind2="0">
         <subfield code="a">N7346.L53</subfield>
         <subfield code="b">L53 1983</subfield>
      </datafield>
      <datafield tag="066" ind1=" " ind2=" ">
         <subfield code="c">$1</subfield>
      </datafield>
      <datafield tag="082" ind1="0" ind2="0">
         <subfield code="a">709/.51/074095182</subfield>
         <subfield code="2">19</subfield>
      </datafield>
      <datafield tag="084" ind1=" " ind2=" ">
         <subfield code="a">K873. 31</subfield>
         <subfield code="2">clc</subfield>
      </datafield>
      <datafield tag="110" ind1="2" ind2=" ">
         <subfield code="a">Liaoning Sheng bo wu guan</subfield>
         <subfield code="6">880-01</subfield>
      </datafield>
      <datafield tag="245" ind1="1" ind2="0">
         <subfield code="6">880-02</subfield>
         <subfield code="a">Liaoning sheng bo wu guan /</subfield>
         <subfield code="c">Liaoning sheng bo wu guan bian ; [she ying Kong Lihang].</subfield>
      </datafield>
      <datafield tag="250" ind1=" " ind2=" ">
         <subfield code="6">880-03</subfield>
         <subfield code="a">Di 1 ban.</subfield>
      </datafield>
      <datafield tag="260" ind1=" " ind2=" ">
         <subfield code="6">880-04</subfield>
         <subfield code="a">Zhongguo Beijing :</subfield>
         <subfield code="b">Wen wu chu ban she :</subfield>
         <subfield code="b">Xin hua shu dian Beijing fa xing suo fa xing,</subfield>
         <subfield code="c">1983.</subfield>
      </datafield>
      <datafield tag="300" ind1=" " ind2=" ">
         <subfield code="a">223 pages :</subfield>
         <subfield code="b">chiefly illustrations (some color) ;</subfield>
         <subfield code="c">37 cm.</subfield>
      </datafield>
      <datafield tag="336" ind1=" " ind2=" ">
         <subfield code="a">text</subfield>
         <subfield code="b">txt</subfield>
         <subfield code="2">rdacontent</subfield>
      </datafield>
      <datafield tag="337" ind1=" " ind2=" ">
         <subfield code="a">unmediated</subfield>
         <subfield code="b">n</subfield>
         <subfield code="2">rdamedia</subfield>
      </datafield>
      <datafield tag="490" ind1="1" ind2=" ">
         <subfield code="6">880-05</subfield>
         <subfield code="a">Zhong guo bo wu guan cong shu ;</subfield>
         <subfield code="v">Di 3 juan</subfield>
      </datafield>
      <datafield tag="500" ind1=" " ind2=" ">
         <subfield code="a">In case.</subfield>
      </datafield>
      <datafield tag="500" ind1=" " ind2=" ">
         <subfield code="a">Errata slip inserted.</subfield>
      </datafield>
      <datafield tag="500" ind1=" " ind2=" ">
         <subfield code="a">ISAW copy is from the library of Edward Louis Shaughnessy.</subfield>
         <subfield code="5">NNU</subfield>
      </datafield>
      <datafield tag="504" ind1=" " ind2=" ">
         <subfield code="a">Includes bibliographical references (page 223).</subfield>
      </datafield>
      <datafield tag="520" ind1=" " ind2=" ">
         <subfield code="6">880-06</subfield>
         <subfield code="a">Ben shu bao kuo qing tong qi, Chaoyang Shiertai Yingzi deng di qing tong duan jian mu zang chu tu wen wu, Xifeng Xichagou Xiongnu mu qun chu tu wen wu, Beiyan Fengsufu ji Xianbei mu zang chu tu wen wu, Chaoyan Tang mu chu tu wen wu, Liao mu, Liao ta chu tu wen wu, hui hua, fa shu, si xiu, tao ci.</subfield>
      </datafield>
      <datafield tag="546" ind1=" " ind2=" ">
         <subfield code="a">In Chinese.</subfield>
      </datafield>
      <datafield tag="650" ind1=" " ind2="0">
         <subfield code="a">Art, Chinese</subfield>
         <subfield code="6">880-07</subfield>
         <subfield code="z">China</subfield>
         <subfield code="z">Liaoning Sheng</subfield>
         <subfield code="v">Catalogs.</subfield>
      </datafield>
      <datafield tag="650" ind1=" " ind2="0">
         <subfield code="a">Art, Chinese</subfield>
         <subfield code="v">Catalogs.</subfield>
      </datafield>
      <datafield tag="610" ind1="2" ind2="0">
         <subfield code="a">Liaoning Sheng bo wu guan</subfield>
         <subfield code="6">880-08</subfield>
         <subfield code="v">Catalogs.</subfield>
      </datafield>
      <datafield tag="610" ind1="2" ind2="7">
         <subfield code="a">Liaoning Sheng bo wu guan.</subfield>
         <subfield code="2">fast</subfield>
         <subfield code="0">(OCoLC)fst00559350</subfield>
      </datafield>
      <datafield tag="650" ind1=" " ind2="7">
         <subfield code="a">Art, Chinese.</subfield>
         <subfield code="2">fast</subfield>
         <subfield code="0">(OCoLC)fst00816103</subfield>
      </datafield>
      <datafield tag="651" ind1=" " ind2="7">
         <subfield code="a">China</subfield>
         <subfield code="z">Liaoning Sheng.</subfield>
         <subfield code="2">fast</subfield>
         <subfield code="0">(OCoLC)fst01210503</subfield>
      </datafield>
      <datafield tag="610" ind1="2" ind2="7">
         <subfield code="6">880-09</subfield>
         <subfield code="a">Liao ning sheng bo wu guan.</subfield>
         <subfield code="2">cct</subfield>
      </datafield>
      <datafield tag="650" ind1="0" ind2="7">
         <subfield code="6">880-10</subfield>
         <subfield code="a">Chu tu wen wu</subfield>
         <subfield code="z">Liao ning</subfield>
         <subfield code="x">Tu lu.</subfield>
         <subfield code="2">cct</subfield>
      </datafield>
      <datafield tag="655" ind1=" " ind2="7">
         <subfield code="a">Catalogs.</subfield>
         <subfield code="2">fast</subfield>
         <subfield code="0">(OCoLC)fst01423692</subfield>
      </datafield>
      <datafield tag="700" ind1="1" ind2=" ">
         <subfield code="a">Kong, Lihang</subfield>
         <subfield code="6">880-11</subfield>
      </datafield>
      <datafield tag="796" ind1="1" ind2=" ">
         <subfield code="a">Shaughnessy , Edward Louis,</subfield>
         <subfield code="e">former owner.</subfield>
      </datafield>
      <datafield tag="797" ind1="2" ind2=" ">
         <subfield code="a">Shaughnessy Collection.</subfield>
      </datafield>
      <datafield tag="880" ind1="2" ind2=" ">
         <subfield code="6">110-01/</subfield>
         <subfield code="a">遼寧省博物館.</subfield>
      </datafield>
      <datafield tag="880" ind1="1" ind2="0">
         <subfield code="6">245-02/</subfield>
         <subfield code="a">遼寧省博物館 /</subfield>
         <subfield code="c">遼寧省博物館编 ; [摄影孔立航].</subfield>
      </datafield>
      <datafield tag="880" ind1=" " ind2=" ">
         <subfield code="6">250-03/</subfield>
         <subfield code="a">第1版.</subfield>
      </datafield>
      <datafield tag="880" ind1=" " ind2=" ">
         <subfield code="6">260-04/</subfield>
         <subfield code="a">中国北京 :</subfield>
         <subfield code="b">文物出版社 :</subfield>
         <subfield code="b">新华书店北京发行所发行,</subfield>
         <subfield code="c">1983.</subfield>
      </datafield>
      <datafield tag="880" ind1="1" ind2=" ">
         <subfield code="6">490-05/</subfield>
         <subfield code="a">中国博物馆丛书 ;</subfield>
         <subfield code="v">第3卷</subfield>
      </datafield>
      <datafield tag="880" ind1=" " ind2=" ">
         <subfield code="6">520-06/</subfield>
         <subfield code="a">本书包括青铜器，朝阳十二台营子等地青铜短剑墓葬出土文物，西丰西岔沟匈奴墓群出土文物，北燕冯素弗及鲜卑墓葬出土文物，朝阳唐墓出土文物，辽墓，辽塔出土文物，绘画，法书，丝绣，陶瓷.</subfield>
      </datafield>
      <datafield tag="880" ind1=" " ind2="4">
         <subfield code="6">650-07/</subfield>
         <subfield code="a">Art, Chinese</subfield>
         <subfield code="z">China</subfield>
         <subfield code="z">辽宁省</subfield>
         <subfield code="v">Catalogs.</subfield>
      </datafield>
      <datafield tag="880" ind1="2" ind2="4">
         <subfield code="6">610-08/</subfield>
         <subfield code="a">遼寧省博物館</subfield>
         <subfield code="v">Catalogs.</subfield>
      </datafield>
      <datafield tag="880" ind1="2" ind2="7">
         <subfield code="6">610-09/</subfield>
         <subfield code="a">辽宁省博物馆.</subfield>
         <subfield code="2">cct</subfield>
      </datafield>
      <datafield tag="880" ind1="0" ind2="7">
         <subfield code="6">650-10/</subfield>
         <subfield code="a">出土文物</subfield>
         <subfield code="z">辽宁</subfield>
         <subfield code="x">图录.</subfield>
         <subfield code="2">cct</subfield>
      </datafield>
      <datafield tag="880" ind1="1" ind2=" ">
         <subfield code="6">700-11/</subfield>
         <subfield code="a">孔立航.</subfield>
      </datafield>
      <datafield tag="830" ind1=" " ind2="0">
         <subfield code="a">Zhongguo bo wu guan cong shu</subfield>
         <subfield code="6">880-12</subfield>
         <subfield code="v">Di 3 juan.</subfield>
      </datafield>
      <datafield tag="880" ind1=" " ind2="0">
         <subfield code="6">830-12/</subfield>
         <subfield code="a">中国博物馆丛书 ;</subfield>
         <subfield code="v">第3卷.</subfield>
      </datafield>
      <datafield tag="994" ind1=" " ind2=" ">
         <subfield code="a">Z0</subfield>
         <subfield code="b">ZYU</subfield>
      </datafield>
      <datafield tag="OWN" ind1=" " ind2=" ">
         <subfield code="a">GENERAL</subfield>
      </datafield>
      <datafield tag="AVA" ind1=" " ind2=" ">
         <subfield code="a">NYU50</subfield>
         <subfield code="b">NISAW</subfield>
         <subfield code="c">Oversize Collection</subfield>
         <subfield code="d">N7346.L53 L53 1983</subfield>
         <subfield code="e">available</subfield>
         <subfield code="t">Available</subfield>
         <subfield code="f">1</subfield>
         <subfield code="g">0</subfield>
         <subfield code="h">N</subfield>
         <subfield code="i">0</subfield>
         <subfield code="j">OVERZ</subfield>
         <subfield code="k">0</subfield>
      </datafield>
      <marc:datafield tag="852" ind1=" " ind2=" ">
         <marc:subfield code="b">Institute for the Study of the Ancient World, </marc:subfield>
         <marc:subfield code="c">Oversize Collection</marc:subfield>
         <marc:subfield code="e">15 East 84th St., </marc:subfield>
         <marc:subfield code="e">New York, NY  10028</marc:subfield>
      </marc:datafield>
   </record>