
  
  
  
  
  
  
 
  
  <record xsi:schemaLocation="http://www.loc.gov/MARC21/slim http://www.loc.gov/standards/marcxml/schema/MARC21slim.xsd">
      <leader>00000cam  2200853 a 4500</leader>
      <controlfield tag="FMT">BK</controlfield>
      <controlfield tag="LDR">00000cam  2200853 a 4500</controlfield>
      <controlfield tag="001">001145259</controlfield>
      <controlfield tag="003">OCoLC</controlfield>
      <controlfield tag="005">20150513113615.0</controlfield>
      <controlfield tag="008">080717s2003    enkabc   b    010 0 eng</controlfield>
      <datafield tag="010" ind1=" " ind2=" ">
         <subfield code="a">2008357397</subfield>
      </datafield>
      <datafield tag="015" ind1=" " ind2=" ">
         <subfield code="a">GBA3-68213</subfield>
      </datafield>
      <datafield tag="020" ind1=" " ind2=" ">
         <subfield code="a">0900416793 (pbk.)</subfield>
      </datafield>
      <datafield tag="020" ind1=" " ind2=" ">
         <subfield code="a">9780900416798 (pbk.)</subfield>
      </datafield>
      <datafield tag="020" ind1=" " ind2=" ">
         <subfield code="a">0900416807 (CASED)</subfield>
      </datafield>
      <datafield tag="020" ind1=" " ind2=" ">
         <subfield code="a">9780900416804 (CASED)</subfield>
      </datafield>
      <datafield tag="035" ind1=" " ind2=" ">
         <subfield code="a">(OCoLC)53123068</subfield>
      </datafield>
      <datafield tag="040" ind1=" " ind2=" ">
         <subfield code="a">UKM</subfield>
         <subfield code="b">eng</subfield>
         <subfield code="c">UKM</subfield>
         <subfield code="d">DLC</subfield>
         <subfield code="d">CUS</subfield>
         <subfield code="d">UMC</subfield>
         <subfield code="d">BAKER</subfield>
         <subfield code="d">NLGGC</subfield>
         <subfield code="d">LVB</subfield>
         <subfield code="d">YDXCP</subfield>
         <subfield code="d">DRB</subfield>
         <subfield code="d">DEBBG</subfield>
         <subfield code="d">OCL</subfield>
         <subfield code="d">EUM</subfield>
         <subfield code="d">OCLCQ</subfield>
         <subfield code="d">OCLCO</subfield>
         <subfield code="d">NNU</subfield>
      </datafield>
      <datafield tag="042" ind1=" " ind2=" ">
         <subfield code="a">lccopycat</subfield>
      </datafield>
      <datafield tag="043" ind1=" " ind2=" ">
         <subfield code="a">aw-----</subfield>
      </datafield>
      <datafield tag="050" ind1="0" ind2="0">
         <subfield code="a">DS56</subfield>
         <subfield code="b">.C85 2003</subfield>
      </datafield>
      <datafield tag="082" ind1="0" ind2="4">
         <subfield code="a">939.4</subfield>
         <subfield code="2">21</subfield>
      </datafield>
      <datafield tag="084" ind1=" " ind2=" ">
         <subfield code="a">15.32</subfield>
         <subfield code="2">bcl</subfield>
      </datafield>
      <datafield tag="084" ind1=" " ind2=" ">
         <subfield code="a">15.33</subfield>
         <subfield code="2">bcl</subfield>
      </datafield>
      <datafield tag="090" ind1=" " ind2=" ">
         <subfield code="a">DS56</subfield>
         <subfield code="b">.C86 2003</subfield>
      </datafield>
      <datafield tag="245" ind1="0" ind2="0">
         <subfield code="a">Culture through objects :</subfield>
         <subfield code="b">ancient Near Eastern studies in honour of P.R.S. Moorey /</subfield>
         <subfield code="c">edited by Timothy Potts, Michael Roaf and Diana Stein.</subfield>
      </datafield>
      <datafield tag="260" ind1=" " ind2=" ">
         <subfield code="a">Oxford :</subfield>
         <subfield code="b">Griffith Institute,</subfield>
         <subfield code="c">2003.</subfield>
      </datafield>
      <datafield tag="300" ind1=" " ind2=" ">
         <subfield code="a">421 pages :</subfield>
         <subfield code="b">illustrations, maps, 1 portrait ;</subfield>
         <subfield code="c">24 cm</subfield>
      </datafield>
      <datafield tag="336" ind1=" " ind2=" ">
         <subfield code="a">text</subfield>
         <subfield code="b">txt</subfield>
         <subfield code="2">rdacontent</subfield>
      </datafield>
      <datafield tag="337" ind1=" " ind2=" ">
         <subfield code="a">unmediated</subfield>
         <subfield code="b">n</subfield>
         <subfield code="2">rdamedia</subfield>
      </datafield>
      <datafield tag="338" ind1=" " ind2=" ">
         <subfield code="a">volume</subfield>
         <subfield code="b">nc</subfield>
         <subfield code="2">rdacarrier</subfield>
      </datafield>
      <datafield tag="500" ind1=" " ind2=" ">
         <subfield code="a">ISAW copy is from the Library of Hayim and Miriam Tadmor.</subfield>
         <subfield code="5">NNU</subfield>
      </datafield>
      <datafield tag="504" ind1=" " ind2=" ">
         <subfield code="a">Includes bibliographical references.</subfield>
      </datafield>
      <datafield tag="505" ind1="0" ind2="0">
         <subfield code="t">P. R. S. Moorey: Bibliography 1964-2002.</subfield>
         <subfield code="g">I.</subfield>
         <subfield code="t">TRACKING CULTURAL TRANSFERS.</subfield>
         <subfield code="t">Introduction /</subfield>
         <subfield code="r">Potts, T.F. --</subfield>
         <subfield code="t">Early definitions of the Egyptian world and its surroundings /</subfield>
         <subfield code="r">Baines, J. --</subfield>
         <subfield code="t">To write or not to write /</subfield>
         <subfield code="r">Lamberg-Karlovsky, C.C. --</subfield>
         <subfield code="t">Soft-stone genre from southeastern Iran: 'zig-zag' bowls from Magan to Margiana /</subfield>
         <subfield code="r">Potts, D.T. --</subfield>
         <subfield code="t">North-south divide in ancient Jordan: ceramics, regionalism and routes /</subfield>
         <subfield code="r">Bienkowski, P. --</subfield>
         <subfield code="t">Von Bissing's Memphis Stela: a product of cultural transfer? /</subfield>
         <subfield code="r">Muscarella, O.W. --</subfield>
         <subfield code="t">Disguise and exchange in eastern imagery /</subfield>
         <subfield code="r">Boardman, J.</subfield>
         <subfield code="g">II.</subfield>
         <subfield code="t">UNDERSTANDING IMAGES .</subfield>
         <subfield code="t">Introduction /</subfield>
         <subfield code="r">Stein, D.L. --</subfield>
         <subfield code="t">Interpreting animal art in the prehistoric Near East /</subfield>
         <subfield code="r">Wengrow, D. --</subfield>
         <subfield code="t">Things fall apart, the centre cannot hold /</subfield>
         <subfield code="r">McAdam, E. --</subfield>
         <subfield code="t">Scorpion, fish and nets: an unusual jar in Canaanite Middle Bronze context with an appendix by Yuval Goren /</subfield>
         <subfield code="r">Tadmor, M. --</subfield>
         <subfield code="t">Symbols of conquest in Sennacherib's reliefs of Lachish: impaled prisoners and booty /</subfield>
         <subfield code="r">Ussishkin, D. --</subfield>
         <subfield code="t">Gold plaques of the Oxus Treasure: manufacture, decoration and meaning with an appendix by M. R. Cowell /</subfield>
         <subfield code="r">Curtis, J. --</subfield>
         <subfield code="r">Searight, A. --</subfield>
         <subfield code="t">Hero and worshipper at Seleucia: re-inventions of Babylonia on a banded agate cylinder seal of the Achaemenid Empire /</subfield>
         <subfield code="r">Cool Root, M.</subfield>
      </datafield>
      <datafield tag="505" ind1="8" ind2="0">
         <subfield code="g">III.</subfield>
         <subfield code="t">MATERIALS AND MANUFACTURE.</subfield>
         <subfield code="t">Introduction /</subfield>
         <subfield code="r">Roaf, M.D. --</subfield>
         <subfield code="t">Chalcolithic copper-base metallurgy on the Iranian plateau: a new look at old evidence from Tal-I-Iblis /</subfield>
         <subfield code="r">Pigott, V.C. --</subfield>
         <subfield code="r">Lechtman, H. --</subfield>
         <subfield code="t">Early Bronze Age I copper production on the coast of Israel: archaeometallurgical analysis of finds from Ashkelon-Afridar /</subfield>
         <subfield code="r">Shalev, S. --</subfield>
         <subfield code="t">Temple d'Inshushinak de Suse et l'architecturemonumentale en 'faience' /</subfield>
         <subfield code="r">Caubet, A. --</subfield>
         <subfield code="t">Vitreous materials in Ugarit: new data /</subfield>
         <subfield code="r">Matoïan, V. --</subfield>
         <subfield code="r">Bouquillon, A. --</subfield>
         <subfield code="t">From Mesopotamia to Merv: reconstructingpatterns of consumption in Sasanian households /</subfield>
         <subfield code="r">Simpson, St J. --</subfield>
         <subfield code="t">Who used ivories in the first millennium BC? /</subfield>
         <subfield code="r">Herrmann, G. --</subfield>
         <subfield code="r">Millard, A. --</subfield>
         <subfield code="t">‘Surpassing work': mastery of materials and the value of skilled production in ancient Sumer /</subfield>
         <subfield code="r">Winter, I.J.</subfield>
      </datafield>
      <datafield tag="651" ind1=" " ind2="0">
         <subfield code="a">Middle East</subfield>
         <subfield code="x">Antiquities.</subfield>
      </datafield>
      <datafield tag="650" ind1=" " ind2="0">
         <subfield code="a">Material culture</subfield>
         <subfield code="z">Middle East.</subfield>
      </datafield>
      <datafield tag="600" ind1="1" ind2="0">
         <subfield code="a">Moorey, P. R. S.</subfield>
         <subfield code="q">(Peter Roger Stuart),</subfield>
         <subfield code="d">1937-</subfield>
      </datafield>
      <datafield tag="796" ind1="1" ind2=" ">
         <subfield code="a">Tadmor, Hayim,</subfield>
         <subfield code="e">former owner.</subfield>
      </datafield>
      <datafield tag="796" ind1="1" ind2=" ">
         <subfield code="a">Tadmor, Miriam,</subfield>
         <subfield code="e">former owner.</subfield>
      </datafield>
      <datafield tag="797" ind1="2" ind2=" ">
         <subfield code="a">Tadmor Collection.</subfield>
      </datafield>
      <datafield tag="700" ind1="1" ind2=" ">
         <subfield code="a">Moorey, P. R. S.</subfield>
         <subfield code="q">(Peter Roger Stuart),</subfield>
         <subfield code="d">1937-</subfield>
      </datafield>
      <datafield tag="700" ind1="1" ind2=" ">
         <subfield code="a">Potts, Timothy F.</subfield>
      </datafield>
      <datafield tag="700" ind1="1" ind2=" ">
         <subfield code="a">Roaf, Michael.</subfield>
      </datafield>
      <datafield tag="700" ind1="1" ind2=" ">
         <subfield code="a">Stein, Diana L.</subfield>
      </datafield>
      <datafield tag="776" ind1="0" ind2="8">
         <subfield code="i">Online version:</subfield>
         <subfield code="t">Culture through objects.</subfield>
         <subfield code="d">Oxford : Griffith Institute, 2003</subfield>
         <subfield code="w">(OCoLC)607028141</subfield>
      </datafield>
      <datafield tag="856" ind1="4" ind2="1">
         <subfield code="3">Table of contents</subfield>
         <subfield code="u">http://bvbr.bib-bvb.de:8991/F?func=service&amp;doc_library=BVB01&amp;doc_number=010481923&amp;line_number=0001&amp;func_code=DB_RECORDS&amp;service_type=MEDIA</subfield>
      </datafield>
      <datafield tag="856" ind1="4" ind2="1">
         <subfield code="3">Table of contents</subfield>
         <subfield code="q">text/html</subfield>
         <subfield code="u">http://swbplus.bsz-bw.de/bsz107596563inh.htm</subfield>
      </datafield>
      <datafield tag="OWN" ind1=" " ind2=" ">
         <subfield code="a">GENERAL</subfield>
      </datafield>
      <datafield tag="AVA" ind1=" " ind2=" ">
         <subfield code="a">NYU50</subfield>
         <subfield code="b">NIFA</subfield>
         <subfield code="c">Main Collection</subfield>
         <subfield code="d">DS56 .C86 2003 Non-circulating</subfield>
         <subfield code="e">available</subfield>
         <subfield code="t">Available</subfield>
         <subfield code="f">1</subfield>
         <subfield code="g">0</subfield>
         <subfield code="h">N</subfield>
         <subfield code="i">0</subfield>
         <subfield code="j">MAIN</subfield>
         <subfield code="k">0</subfield>
      </datafield>
      <datafield tag="AVA" ind1=" " ind2=" ">
         <subfield code="a">NYU50</subfield>
         <subfield code="b">NISAW</subfield>
         <subfield code="c">Small Collection</subfield>
         <subfield code="d">DS56 .C86 2003</subfield>
         <subfield code="e">available</subfield>
         <subfield code="t">Available</subfield>
         <subfield code="f">1</subfield>
         <subfield code="g">0</subfield>
         <subfield code="h">N</subfield>
         <subfield code="i">0</subfield>
         <subfield code="j">SMALL</subfield>
         <subfield code="k">0</subfield>
      </datafield>
      <marc:datafield tag="852" ind1=" " ind2=" ">
         <marc:subfield code="b">Institute for the Study of the Ancient World, </marc:subfield>
         <marc:subfield code="c">Small Collection</marc:subfield>
         <marc:subfield code="e">15 East 84th St., </marc:subfield>
         <marc:subfield code="e">New York, NY  10028</marc:subfield>
      </marc:datafield>
      <datafield tag="AVA" ind1=" " ind2=" ">
         <subfield code="a">NYU50</subfield>
         <subfield code="b">WEB</subfield>
         <subfield code="c">Internet Resources</subfield>
         <subfield code="d">Electronic access</subfield>
         <subfield code="e">check_holdings</subfield>
         <subfield code="t">Check Holdings</subfield>
         <subfield code="j">GENI</subfield>
      </datafield>
   </record>