
  
  
  
  
  
  
  
 
  
  <record xsi:schemaLocation="http://www.loc.gov/MARC21/slim http://www.loc.gov/standards/marcxml/schema/MARC21slim.xsd">
      <leader>00000nam a22003015a 45M</leader>
      <controlfield tag="FMT">BK</controlfield>
      <controlfield tag="LDR">00000nam a22003015a 45M</controlfield>
      <controlfield tag="001">001280989</controlfield>
      <controlfield tag="003">NNNS</controlfield>
      <controlfield tag="005">20150513163321.0</controlfield>
      <controlfield tag="008">930921s1990    is af    b    001 0 eng d</controlfield>
      <datafield tag="010" ind1=" " ind2=" ">
         <subfield code="a">91131319</subfield>
      </datafield>
      <datafield tag="020" ind1=" " ind2=" ">
         <subfield code="a">9652261009</subfield>
      </datafield>
      <datafield tag="035" ind1="9" ind2=" ">
         <subfield code="a">NYUb11668655</subfield>
      </datafield>
      <datafield tag="035" ind1=" " ind2=" ">
         <subfield code="a">(OCoLC)22572862</subfield>
      </datafield>
      <datafield tag="035" ind1=" " ind2=" ">
         <subfield code="a">(hol)ajw8231-6/wid/1</subfield>
      </datafield>
      <datafield tag="035" ind1=" " ind2=" ">
         <subfield code="a">(CStRLIN)DCLC91131319-B</subfield>
      </datafield>
      <datafield tag="040" ind1=" " ind2=" ">
         <subfield code="a">MH</subfield>
         <subfield code="c">MH</subfield>
         <subfield code="d">DLC</subfield>
         <subfield code="d">NNU</subfield>
      </datafield>
      <datafield tag="042" ind1=" " ind2=" ">
         <subfield code="a">lccopycat</subfield>
      </datafield>
      <datafield tag="043" ind1=" " ind2=" ">
         <subfield code="a">aw-----</subfield>
         <subfield code="a">a-iq---</subfield>
      </datafield>
      <datafield tag="050" ind1="0" ind2="4">
         <subfield code="a">DS70.7</subfield>
         <subfield code="b">.B36 1990</subfield>
      </datafield>
      <datafield tag="090" ind1=" " ind2=" ">
         <subfield code="a">PJ3126.A78</subfield>
         <subfield code="b">B37 1990</subfield>
      </datafield>
      <datafield tag="245" ind1="0" ind2="0">
         <subfield code="a">Bar-Ilan studies in Assyriology :</subfield>
         <subfield code="b">dedicated to Pinḥas Artzi /</subfield>
         <subfield code="c">edited by Jacob Klein and Aaron Skaist.</subfield>
      </datafield>
      <datafield tag="260" ind1=" " ind2=" ">
         <subfield code="a">Ramat Gan :</subfield>
         <subfield code="b">Bar-Ilan University Press,</subfield>
         <subfield code="c">[1990]</subfield>
      </datafield>
      <datafield tag="300" ind1=" " ind2=" ">
         <subfield code="a">294 p., xvi p. of plates :</subfield>
         <subfield code="b">ill. ;</subfield>
         <subfield code="c">25 cm.</subfield>
      </datafield>
      <datafield tag="490" ind1="1" ind2=" ">
         <subfield code="a">Bar-Ilan studies in Near Eastern languages and culture</subfield>
      </datafield>
      <datafield tag="500" ind1=" " ind2=" ">
         <subfield code="a">ISAW copy is from the Library of Hayim and Miriam Tadmor.</subfield>
         <subfield code="5">NNU</subfield>
      </datafield>
      <datafield tag="504" ind1=" " ind2=" ">
         <subfield code="a">Includes bibliographical references and indexes.</subfield>
      </datafield>
      <datafield tag="505" ind1="0" ind2="0">
         <subfield code="g">Part one.</subfield>
         <subfield code="t">Sumerology.</subfield>
         <subfield code="t">Marriage of Martu /</subfield>
         <subfield code="r">Kramer, Samuel Noah --</subfield>
         <subfield code="t">Cult of Dumuzi/Tammuz /</subfield>
         <subfield code="r">Kutscher, Raphael --</subfield>
         <subfield code="t">Oath of chastity in a Sumerian love song (SRT 31)? /</subfield>
         <subfield code="r">Sefati, Yitschak --</subfield>
         <subfield code="t">Šulgi and Išmedagan : originality and dependence in Sumerian royal hymnology /</subfield>
         <subfield code="r">Klein, Jacob.</subfield>
         <subfield code="g">Part two.</subfield>
         <subfield code="t">Assyriology.</subfield>
         <subfield code="t">Studies in the library of the Amarna archive /</subfield>
         <subfield code="r">Artzi, Pinḥas --</subfield>
         <subfield code="t">Education of Canaanite scribes in the Mesopotamian cuneiform tradition /</subfield>
         <subfield code="r">Demsky, Aaron --</subfield>
         <subfield code="t">Genetive ana in the Canaanite El-Amarna tablets /</subfield>
         <subfield code="r">Rainey, Anson F. --</subfield>
         <subfield code="t">On the legal meaning of some of the assertions in the "Historical prologue" of the Kizzuwatna treaty (KBo I, 5) /</subfield>
         <subfield code="r">Altman, Amnon --</subfield>
         <subfield code="t">El-Amarna Mu'rašt and Biblical Moreshet /</subfield>
         <subfield code="r">Vargon, Shmuel --</subfield>
         <subfield code="t">Sennacherib prism in the Israel Museum - Jerusalem /</subfield>
         <subfield code="r">Ling-Israel, Pnina --</subfield>
         <subfield code="t">Authority of the paterfamilias according to CH 117 /</subfield>
         <subfield code="r">Fleishman, Joseph --</subfield>
         <subfield code="t">Sale contracts from Khafajah /</subfield>
         <subfield code="r">Skaist, Aaron.</subfield>
      </datafield>
      <datafield tag="650" ind1=" " ind2="0">
         <subfield code="a">Civilization, Assyro-Babylonian.</subfield>
      </datafield>
      <datafield tag="650" ind1=" " ind2="0">
         <subfield code="a">Cuneiform inscriptions, Sumerian.</subfield>
      </datafield>
      <datafield tag="650" ind1=" " ind2="0">
         <subfield code="a">Cuneiform inscriptions, Akkadian.</subfield>
      </datafield>
      <datafield tag="650" ind1=" " ind2="0">
         <subfield code="a">Akkadian language</subfield>
         <subfield code="v">Texts.</subfield>
      </datafield>
      <datafield tag="650" ind1=" " ind2="0">
         <subfield code="a">Sumerian language</subfield>
         <subfield code="v">Texts.</subfield>
      </datafield>
      <datafield tag="796" ind1="1" ind2=" ">
         <subfield code="a">Tadmor, Hayim,</subfield>
         <subfield code="e">former owner.</subfield>
      </datafield>
      <datafield tag="796" ind1="1" ind2=" ">
         <subfield code="a">Tadmor, Miriam,</subfield>
         <subfield code="e">former owner.</subfield>
      </datafield>
      <datafield tag="797" ind1="2" ind2=" ">
         <subfield code="a">Tadmor Collection.</subfield>
      </datafield>
      <datafield tag="700" ind1="1" ind2=" ">
         <subfield code="a">Artzi, Pinḥas,</subfield>
         <subfield code="d">1923-</subfield>
      </datafield>
      <datafield tag="700" ind1="1" ind2=" ">
         <subfield code="a">Klein, Jacob,</subfield>
         <subfield code="d">1934-</subfield>
      </datafield>
      <datafield tag="700" ind1="1" ind2=" ">
         <subfield code="a">Skaist, Aaron Jacob.</subfield>
      </datafield>
      <datafield tag="830" ind1=" " ind2="0">
         <subfield code="a">Bar-Ilan studies in Near Eastern languages and culture</subfield>
      </datafield>
      <datafield tag="OWN" ind1=" " ind2=" ">
         <subfield code="a">GENERAL</subfield>
      </datafield>
      <datafield tag="AVA" ind1=" " ind2=" ">
         <subfield code="a">NYU50</subfield>
         <subfield code="b">BOBST</subfield>
         <subfield code="c">Main Collection</subfield>
         <subfield code="d">DS70.7 .B36 1990</subfield>
         <subfield code="e">unavailable</subfield>
         <subfield code="t">Unavailable</subfield>
         <subfield code="f">1</subfield>
         <subfield code="g">1</subfield>
         <subfield code="h">N</subfield>
         <subfield code="i">7</subfield>
         <subfield code="j">MAIN</subfield>
         <subfield code="k">0</subfield>
      </datafield>
      <datafield tag="AVA" ind1=" " ind2=" ">
         <subfield code="a">NYU50</subfield>
         <subfield code="b">NISAW</subfield>
         <subfield code="c">Small Collection</subfield>
         <subfield code="d">PJ3126.A78 B37 1990</subfield>
         <subfield code="e">available</subfield>
         <subfield code="t">Available</subfield>
         <subfield code="f">1</subfield>
         <subfield code="g">0</subfield>
         <subfield code="h">N</subfield>
         <subfield code="i">0</subfield>
         <subfield code="j">SMALL</subfield>
         <subfield code="k">0</subfield>
      </datafield>
      <marc:datafield tag="852" ind1=" " ind2=" ">
         <marc:subfield code="b">Institute for the Study of the Ancient World, </marc:subfield>
         <marc:subfield code="c">Small Collection</marc:subfield>
         <marc:subfield code="e">15 East 84th St., </marc:subfield>
         <marc:subfield code="e">New York, NY  10028</marc:subfield>
      </marc:datafield>
   </record>