
  
  
  
  
  
  
 
  
  <record xsi:schemaLocation="http://www.loc.gov/MARC21/slim http://www.loc.gov/standards/marcxml/schema/MARC21slim.xsd">
      <leader>00000cam  2200577 a 4500</leader>
      <controlfield tag="FMT">BK</controlfield>
      <controlfield tag="LDR">00000cam  2200577 a 4500</controlfield>
      <controlfield tag="001">004139157</controlfield>
      <controlfield tag="003">OCoLC</controlfield>
      <controlfield tag="005">20150515165235.0</controlfield>
      <controlfield tag="008">150515s1927    gw       b    000 0 ger</controlfield>
      <datafield tag="010" ind1=" " ind2=" ">
         <subfield code="a">27025512</subfield>
      </datafield>
      <datafield tag="016" ind1="7" ind2=" ">
         <subfield code="a">002659140</subfield>
         <subfield code="2">Uk</subfield>
      </datafield>
      <datafield tag="035" ind1=" " ind2=" ">
         <subfield code="a">(OCoLC)4843030</subfield>
      </datafield>
      <datafield tag="040" ind1=" " ind2=" ">
         <subfield code="a">DLC</subfield>
         <subfield code="b">eng</subfield>
         <subfield code="c">EYW</subfield>
         <subfield code="d">OCL</subfield>
         <subfield code="d">MUQ</subfield>
         <subfield code="d">OCLCG</subfield>
         <subfield code="d">CUY</subfield>
         <subfield code="d">UBY</subfield>
         <subfield code="d">KIJ</subfield>
         <subfield code="d">UKMGB</subfield>
         <subfield code="d">WTU</subfield>
         <subfield code="d">EUM</subfield>
         <subfield code="d">OCLCA</subfield>
         <subfield code="d">P4I</subfield>
         <subfield code="d">OCLCQ</subfield>
         <subfield code="d">OCLCA</subfield>
         <subfield code="d">NNU</subfield>
      </datafield>
      <datafield tag="041" ind1="1" ind2=" ">
         <subfield code="a">ger</subfield>
         <subfield code="h">rus</subfield>
      </datafield>
      <datafield tag="050" ind1="0" ind2="0">
         <subfield code="a">BS410</subfield>
         <subfield code="b">.Z5 vol.46</subfield>
      </datafield>
      <datafield tag="050" ind1="0" ind2="4">
         <subfield code="a">BS1430</subfield>
         <subfield code="b">.N5415 1927</subfield>
      </datafield>
      <datafield tag="082" ind1=" " ind2="4">
         <subfield code="a">223.6</subfield>
         <subfield code="b">N54</subfield>
      </datafield>
      <datafield tag="090" ind1=" " ind2=" ">
         <subfield code="a">BS1430</subfield>
         <subfield code="b">.N5415 1927</subfield>
      </datafield>
      <datafield tag="100" ind1="1" ind2=" ">
         <subfield code="a">Nikolʹskiĭ, N. M.</subfield>
         <subfield code="q">(Nikolaĭ Mikhaĭlovich),</subfield>
         <subfield code="d">1877-1957.</subfield>
      </datafield>
      <datafield tag="245" ind1="1" ind2="0">
         <subfield code="a">Spuren magischer Formeln in den Psalmen /</subfield>
         <subfield code="c">von Nicolaj Nicolsky ; autorisierte Übersetzung des russischen Manuskriptes von Georg Petzold.</subfield>
      </datafield>
      <datafield tag="260" ind1=" " ind2=" ">
         <subfield code="a">Giessen :</subfield>
         <subfield code="b">A. Töpelmann,</subfield>
         <subfield code="c">1927.</subfield>
      </datafield>
      <datafield tag="300" ind1=" " ind2=" ">
         <subfield code="a">97 pages ;</subfield>
         <subfield code="c">24 cm.</subfield>
      </datafield>
      <datafield tag="336" ind1=" " ind2=" ">
         <subfield code="a">text</subfield>
         <subfield code="b">txt</subfield>
         <subfield code="2">rdacontent</subfield>
      </datafield>
      <datafield tag="337" ind1=" " ind2=" ">
         <subfield code="a">unmediated</subfield>
         <subfield code="b">n</subfield>
         <subfield code="2">rdamedia</subfield>
      </datafield>
      <datafield tag="338" ind1=" " ind2=" ">
         <subfield code="a">volume</subfield>
         <subfield code="b">nc</subfield>
         <subfield code="2">rdacarrier</subfield>
      </datafield>
      <datafield tag="490" ind1="1" ind2=" ">
         <subfield code="a">Beihefte zur Zeitschrift für die alttestamentliche Wissenschaft ;</subfield>
         <subfield code="v">46</subfield>
      </datafield>
      <datafield tag="500" ind1=" " ind2=" ">
         <subfield code="a">Never published in the original Russian?</subfield>
      </datafield>
      <datafield tag="500" ind1=" " ind2=" ">
         <subfield code="a">ISAW copy is from the Library of Hayim and Miriam Tadmor.</subfield>
         <subfield code="5">NNU</subfield>
      </datafield>
      <datafield tag="504" ind1=" " ind2=" ">
         <subfield code="a">Includes bibliographical references.</subfield>
      </datafield>
      <datafield tag="505" ind1="0" ind2=" ">
         <subfield code="a">Einleitung -- Psalm 91 -- Psalm 58 -- Psalm 141 -- Psalm 59 -- Psalm 109 -- Psalm 69 -- Psalm 35:1-10 -- Psalm 7 -- Schlussbemerkungen.</subfield>
      </datafield>
      <datafield tag="630" ind1="0" ind2="0">
         <subfield code="a">Bible.</subfield>
         <subfield code="p">Psalms</subfield>
         <subfield code="x">Criticism, interpretation, etc.</subfield>
      </datafield>
      <datafield tag="650" ind1=" " ind2="0">
         <subfield code="a">Magic</subfield>
         <subfield code="x">Religious aspects.</subfield>
      </datafield>
      <datafield tag="650" ind1=" " ind2="0">
         <subfield code="a">Demonology</subfield>
         <subfield code="x">Religious aspects.</subfield>
      </datafield>
      <datafield tag="630" ind1="0" ind2="4">
         <subfield code="a">Bible.</subfield>
         <subfield code="p">Psalms</subfield>
         <subfield code="x">Criticism, interpretation, etc.</subfield>
      </datafield>
      <datafield tag="796" ind1="1" ind2=" ">
         <subfield code="a">Tadmor, Hayim,</subfield>
         <subfield code="e">former owner.</subfield>
      </datafield>
      <datafield tag="796" ind1="1" ind2=" ">
         <subfield code="a">Tadmor, Miriam,</subfield>
         <subfield code="e">former owner.</subfield>
      </datafield>
      <datafield tag="797" ind1="2" ind2=" ">
         <subfield code="a">Tadmor Collection.</subfield>
      </datafield>
      <datafield tag="700" ind1="1" ind2=" ">
         <subfield code="a">Petzold, Georg,</subfield>
         <subfield code="e">translator.</subfield>
      </datafield>
      <datafield tag="776" ind1="0" ind2="8">
         <subfield code="i">Online version:</subfield>
         <subfield code="a">Nikolʹskiĭ, N.M. (Nikolaĭ Mikhaĭlovich), 1877-1957.</subfield>
         <subfield code="t">Spuren magischer Formeln in den Psalmen.</subfield>
         <subfield code="d">Giessen, A. Töpelmann, 1927</subfield>
         <subfield code="w">(OCoLC)654673303</subfield>
      </datafield>
      <datafield tag="830" ind1=" " ind2="0">
         <subfield code="a">Beihefte zur Zeitschrift für die alttestamentliche Wissenschaft ;</subfield>
         <subfield code="v">46.</subfield>
      </datafield>
      <datafield tag="994" ind1=" " ind2=" ">
         <subfield code="a">Z0</subfield>
         <subfield code="b">ZYU</subfield>
      </datafield>
      <datafield tag="OWN" ind1=" " ind2=" ">
         <subfield code="a">GENERAL</subfield>
      </datafield>
      <datafield tag="AVA" ind1=" " ind2=" ">
         <subfield code="a">NYU50</subfield>
         <subfield code="b">NISAW</subfield>
         <subfield code="c">Small Collection</subfield>
         <subfield code="d">BS1430 .N5415 1927</subfield>
         <subfield code="e">available</subfield>
         <subfield code="t">Available</subfield>
         <subfield code="f">1</subfield>
         <subfield code="g">0</subfield>
         <subfield code="h">N</subfield>
         <subfield code="i">0</subfield>
         <subfield code="j">SMALL</subfield>
         <subfield code="k">0</subfield>
      </datafield>
      <marc:datafield tag="852" ind1=" " ind2=" ">
         <marc:subfield code="b">Institute for the Study of the Ancient World, </marc:subfield>
         <marc:subfield code="c">Small Collection</marc:subfield>
         <marc:subfield code="e">15 East 84th St., </marc:subfield>
         <marc:subfield code="e">New York, NY  10028</marc:subfield>
      </marc:datafield>
   </record>