
  
  
  
  
  
  
  
 
  
  <record xsi:schemaLocation="http://www.loc.gov/MARC21/slim http://www.loc.gov/standards/marcxml/schema/MARC21slim.xsd">
      <leader>00000cam a22      a 4500</leader>
      <controlfield tag="FMT">BK</controlfield>
      <controlfield tag="LDR">00000cam a22      a 4500</controlfield>
      <controlfield tag="001">004139833</controlfield>
      <controlfield tag="005">20150519132526.0</controlfield>
      <controlfield tag="008">150519s1968    is bc    b    000 0dhebr</controlfield>
      <datafield tag="010" ind1=" " ind2=" ">
         <subfield code="a">he 68002358</subfield>
      </datafield>
      <datafield tag="035" ind1=" " ind2=" ">
         <subfield code="a">(OCoLC)19162002</subfield>
         <subfield code="z">(OCoLC)42434335</subfield>
      </datafield>
      <datafield tag="040" ind1=" " ind2=" ">
         <subfield code="a">DLC</subfield>
         <subfield code="b">eng</subfield>
         <subfield code="c">HLS</subfield>
         <subfield code="d">CUY</subfield>
         <subfield code="d">OSU</subfield>
         <subfield code="d">IUL</subfield>
         <subfield code="d">OCLCQ</subfield>
         <subfield code="d">CLU</subfield>
         <subfield code="d">GZM</subfield>
         <subfield code="d">OCLCQ</subfield>
         <subfield code="d">OCLCO</subfield>
         <subfield code="d">OCLCA</subfield>
         <subfield code="d">OCLCF</subfield>
         <subfield code="d">NNU</subfield>
      </datafield>
      <datafield tag="050" ind1="1" ind2="4">
         <subfield code="a">BS1110</subfield>
         <subfield code="b">.S4 1968</subfield>
      </datafield>
      <datafield tag="082" ind1="0" ind2="4">
         <subfield code="a">296.1</subfield>
      </datafield>
      <datafield tag="130" ind1="0" ind2=" ">
         <subfield code="6">880-01</subfield>
         <subfield code="a">Zer-kavod.</subfield>
      </datafield>
      <datafield tag="245" ind1="1" ind2="0">
         <subfield code="6">880-02</subfield>
         <subfield code="a">Sefer zer-kavod :</subfield>
         <subfield code="b">mugash li-khevod Dr. Mordekhai Zer-Kavod li-melot lo shishim ṿe-ḥamesh shanah /</subfield>
         <subfield code="c">ʻarkhu Ḥ. Gevaryahu ... [ṿa-aḥerim].</subfield>
      </datafield>
      <datafield tag="260" ind1=" " ind2=" ">
         <subfield code="6">880-03</subfield>
         <subfield code="a">Yerushalayim :</subfield>
         <subfield code="b">ha-Ḥevrah le-ḥeḳer ha-Miḳra be-Yiśraʼel, senif Ḥefah, ha-Ḥevrah ha-Yehudit ha-ʻolamit le-Tanakh ṿeha-Maḥlaḳah le-ḥinukh ule-tarbut ba-golah shel ha-Histadrut ha-tsiyonit ha-ʻolamit ʻa.y. Ḳiryat Sefer,</subfield>
         <subfield code="c">728, ©1968.</subfield>
      </datafield>
      <datafield tag="300" ind1=" " ind2=" ">
         <subfield code="a">381 pages :</subfield>
         <subfield code="b">map, portrait ;</subfield>
         <subfield code="c">25 cm.</subfield>
      </datafield>
      <datafield tag="336" ind1=" " ind2=" ">
         <subfield code="a">text</subfield>
         <subfield code="b">txt</subfield>
         <subfield code="2">rdacontent</subfield>
      </datafield>
      <datafield tag="337" ind1=" " ind2=" ">
         <subfield code="a">unmediated</subfield>
         <subfield code="b">n</subfield>
         <subfield code="2">rdamedia</subfield>
      </datafield>
      <datafield tag="338" ind1=" " ind2=" ">
         <subfield code="a">volume</subfield>
         <subfield code="b">nc</subfield>
         <subfield code="2">rdacarrier</subfield>
      </datafield>
      <datafield tag="490" ind1="1" ind2=" ">
         <subfield code="6">880-04</subfield>
         <subfield code="a">Kitve ha-Ḥevrah le-ḥeḳer ha-Miḳra be-Yiśraʼel ;</subfield>
         <subfield code="v">sefer 19</subfield>
      </datafield>
      <datafield tag="504" ind1=" " ind2=" ">
         <subfield code="a">Includes bibliographical references.</subfield>
      </datafield>
      <datafield tag="500" ind1=" " ind2=" ">
         <subfield code="6">880-05</subfield>
         <subfield code="a">"Ḳovets meḥḳarim ba-Miḳra." - Half title page.</subfield>
      </datafield>
      <datafield tag="500" ind1=" " ind2=" ">
         <subfield code="a">ISAW copy is from the Library of Hayim and Miriam Tadmor.</subfield>
         <subfield code="5">NNU</subfield>
      </datafield>
      <datafield tag="600" ind1="1" ind2="0">
         <subfield code="a">Zer-Kavod, Mordekhai.</subfield>
      </datafield>
      <datafield tag="630" ind1="0" ind2="0">
         <subfield code="a">Bible.</subfield>
         <subfield code="p">Old Testament</subfield>
         <subfield code="x">Criticism, interpretation, etc.</subfield>
      </datafield>
      <datafield tag="700" ind1="1" ind2=" ">
         <subfield code="a">Zer-Kavod, Mordekhai.</subfield>
      </datafield>
      <datafield tag="700" ind1="1" ind2=" ">
         <subfield code="a">Gevaryahu, Haim.</subfield>
      </datafield>
      <datafield tag="710" ind1="2" ind2=" ">
         <subfield code="a">Ḥevrah le-ḥeḳer ha-Miḳra be-Yiśraʼel.</subfield>
      </datafield>
      <datafield tag="776" ind1="0" ind2="8">
         <subfield code="i">Online version:</subfield>
         <subfield code="t">Sefer zer-kavod.</subfield>
         <subfield code="d">Yerushalayim : ha-Ḥevrah le-ḥeḳer ha-Miḳra be-Yiśraʼel, senif Ḥefah, ha-Ḥevrah ha-Yehudit ha-ʻolamit le-Tanakh ṿeha-Maḥlaḳah le-ḥinukh ule-tarbut ba-golah shel ha-Histadrut ha-tsiyonit ha-ʻolamit ʻa.y. Ḳiryat Sefer, ©1968</subfield>
         <subfield code="w">(OCoLC)607894567</subfield>
      </datafield>
      <datafield tag="776" ind1="0" ind2="8">
         <subfield code="i">Online version:</subfield>
         <subfield code="t">Sefer zer-kavod.</subfield>
         <subfield code="d">Yerushalayim : ha-Ḥevrah le-ḥeḳer ha-Miḳra be-Yiśraʼel, senif Ḥefah, ha-Ḥevrah ha-Yehudit ha-ʻolamit le-Tanakh ṿeha-Maḥlaḳah le-ḥinukh ule-tarbut ba-golah shel ha-Histadrut ha-tsiyonit ha-ʻolamit ʻa.y. Ḳiryat Sefer, ©1968</subfield>
         <subfield code="w">(OCoLC)608492492</subfield>
      </datafield>
      <datafield tag="796" ind1="1" ind2=" ">
         <subfield code="a">Tadmor, Hayim,</subfield>
         <subfield code="e">former owner.</subfield>
      </datafield>
      <datafield tag="796" ind1="1" ind2=" ">
         <subfield code="a">Tadmor, Miriam,</subfield>
         <subfield code="e">former owner.</subfield>
      </datafield>
      <datafield tag="797" ind1="2" ind2=" ">
         <subfield code="a">Tadmor Collection.</subfield>
      </datafield>
      <datafield tag="880" ind1="0" ind2=" ">
         <subfield code="6">130-01/</subfield>
         <subfield code="a">זר כבוד.</subfield>
      </datafield>
      <datafield tag="880" ind1="1" ind2="0">
         <subfield code="6">245-02/</subfield>
         <subfield code="a">ספר זר־כבוד :</subfield>
         <subfield code="b">מוגש לכבוד ד״ר מרדכי זר־כבוד למלאות לו ששים וחמש שנה /</subfield>
         <subfield code="c">ערכו ח. גבריהו, י. הוכרמן, מ. להב, ב״צ לוריא.</subfield>
      </datafield>
      <datafield tag="880" ind1=" " ind2=" ">
         <subfield code="6">260-03/</subfield>
         <subfield code="a">ירושלים :</subfield>
         <subfield code="b">החברה לחקר המקרא בישראל, סניף חיפה, החברה היהודית העולמית לתנ״ך והמחלקה לחינוך ולתרבות בגולה של ההסתדרות הציונית העולמית ע״י הוצאת ״קרית ספר״,</subfield>
         <subfield code="c">תשכ״ח, c1968.</subfield>
      </datafield>
      <datafield tag="880" ind1="1" ind2=" ">
         <subfield code="6">490-04/</subfield>
         <subfield code="a">כתבי החברה לחקר המקרא בישראל ;</subfield>
         <subfield code="v">ספר 19</subfield>
      </datafield>
      <datafield tag="880" ind1=" " ind2=" ">
         <subfield code="6">500-05/</subfield>
         <subfield code="a">"קובץ מחקרים במקרא" - Half title page.</subfield>
      </datafield>
      <datafield tag="830" ind1=" " ind2="0">
         <subfield code="a">Kitve ha-Ḥevrah le-ḥeḳer ha-Miḳra be-Yiśraʼel ;</subfield>
         <subfield code="v">sefer 19.</subfield>
      </datafield>
      <datafield tag="OWN" ind1=" " ind2=" ">
         <subfield code="a">GENERAL</subfield>
      </datafield>
      <datafield tag="AVA" ind1=" " ind2=" ">
         <subfield code="a">NYU50</subfield>
         <subfield code="b">NISAW</subfield>
         <subfield code="c">Small Collection</subfield>
         <subfield code="d">BS1110 .S4 1968</subfield>
         <subfield code="e">available</subfield>
         <subfield code="t">Available</subfield>
         <subfield code="f">1</subfield>
         <subfield code="g">0</subfield>
         <subfield code="h">N</subfield>
         <subfield code="i">0</subfield>
         <subfield code="j">SMALL</subfield>
         <subfield code="k">0</subfield>
      </datafield>
      <marc:datafield tag="852" ind1=" " ind2=" ">
         <marc:subfield code="b">Institute for the Study of the Ancient World, </marc:subfield>
         <marc:subfield code="c">Small Collection</marc:subfield>
         <marc:subfield code="e">15 East 84th St., </marc:subfield>
         <marc:subfield code="e">New York, NY  10028</marc:subfield>
      </marc:datafield>
   </record>