
  
  
  
  
  
  
  
 
  
  <record xsi:schemaLocation="http://www.loc.gov/MARC21/slim http://www.loc.gov/standards/marcxml/schema/MARC21slim.xsd">
      <leader>00000cas  2200337 a 4500</leader>
      <controlfield tag="FMT">SE</controlfield>
      <controlfield tag="LDR">00000cas  2200337 a 4500</controlfield>
      <controlfield tag="001">002856646</controlfield>
      <controlfield tag="003">NNU</controlfield>
      <controlfield tag="005">20150519113908.0</controlfield>
      <controlfield tag="008">870908u19559999ne gr         0   b0fre d</controlfield>
      <datafield tag="022" ind1=" " ind2=" ">
         <subfield code="a">0523-2341</subfield>
      </datafield>
      <datafield tag="035" ind1=" " ind2=" ">
         <subfield code="a">(CStRLIN)NYUG87-S2276</subfield>
      </datafield>
      <datafield tag="035" ind1=" " ind2=" ">
         <subfield code="a">GLIS00570889X</subfield>
      </datafield>
      <datafield tag="035" ind1="9" ind2=" ">
         <subfield code="a">NYUb10570889</subfield>
      </datafield>
      <datafield tag="040" ind1=" " ind2=" ">
         <subfield code="a">CU-CU</subfield>
         <subfield code="c">CU-CU</subfield>
         <subfield code="d">CStRLIN</subfield>
         <subfield code="d">NNU</subfield>
      </datafield>
      <datafield tag="041" ind1="0" ind2=" ">
         <subfield code="a">freeng</subfield>
      </datafield>
      <datafield tag="043" ind1=" " ind2=" ">
         <subfield code="a">aw-----</subfield>
      </datafield>
      <datafield tag="090" ind1=" " ind2=" ">
         <subfield code="i">05/13/91 CT</subfield>
         <subfield code="h">09/09/87 CT</subfield>
      </datafield>
      <datafield tag="245" ind1="0" ind2="0">
         <subfield code="a">Bibliographie analytique de l'assyriologie et de l'archéologie du Proche-Orient.</subfield>
         <subfield code="n">Section A :</subfield>
         <subfield code="p">L'archéologie.</subfield>
      </datafield>
      <datafield tag="246" ind1="0" ind2="8">
         <subfield code="a">Bibliographie analytique de l'assyriologie, etc.</subfield>
         <subfield code="p">Archéologie</subfield>
      </datafield>
      <datafield tag="260" ind1=" " ind2=" ">
         <subfield code="a">Leyden :</subfield>
         <subfield code="b">E. J. Brill,</subfield>
         <subfield code="c">1956-</subfield>
      </datafield>
      <datafield tag="300" ind1=" " ind2=" ">
         <subfield code="a">v. ;</subfield>
         <subfield code="c">25 cm.</subfield>
      </datafield>
      <datafield tag="310" ind1=" " ind2=" ">
         <subfield code="a">Biennial</subfield>
      </datafield>
      <datafield tag="362" ind1="0" ind2=" ">
         <subfield code="a">Vol. 1 (1954/55)-</subfield>
      </datafield>
      <datafield tag="500" ind1=" " ind2=" ">
         <subfield code="a">ISAW copy is from the library of Hayim and Miriam Tadmor.</subfield>
         <subfield code="5">NNU</subfield>
      </datafield>
      <datafield tag="546" ind1=" " ind2=" ">
         <subfield code="a">French or English.</subfield>
      </datafield>
      <datafield tag="550" ind1=" " ind2=" ">
         <subfield code="a">Publiée pour la Rencontre internationale assyriologique.</subfield>
      </datafield>
      <datafield tag="580" ind1=" " ind2=" ">
         <subfield code="a">Issued in alternate years with Section Ph: La philologie.</subfield>
      </datafield>
      <datafield tag="651" ind1=" " ind2="0">
         <subfield code="a">Middle East</subfield>
         <subfield code="x">Antiquities</subfield>
         <subfield code="v">Bibliography</subfield>
         <subfield code="v">Periodicals.</subfield>
      </datafield>
      <datafield tag="650" ind1=" " ind2="0">
         <subfield code="a">Assyriology</subfield>
         <subfield code="v">Bibliography</subfield>
         <subfield code="v">Periodicals.</subfield>
      </datafield>
      <datafield tag="711" ind1="2" ind2=" ">
         <subfield code="a">Rencontre assyriologique internationale.</subfield>
      </datafield>
      <datafield tag="777" ind1="1" ind2=" ">
         <subfield code="t">Bibliographie analytique de l'Assyriologie et de l'archéologie du Proche-Orient. Section Ph: La philologie.</subfield>
      </datafield>
      <datafield tag="796" ind1="1" ind2=" ">
         <subfield code="a">Tadmor, Hayim,</subfield>
         <subfield code="e">former owner.</subfield>
      </datafield>
      <datafield tag="796" ind1="1" ind2=" ">
         <subfield code="a">Tadmor, Miriam,</subfield>
         <subfield code="e">former owner.</subfield>
      </datafield>
      <datafield tag="797" ind1="2" ind2=" ">
         <subfield code="a">Tadmor Collection.</subfield>
      </datafield>
      <datafield tag="866" ind1="4" ind2="1">
         <subfield code="l">IFA Offsite</subfield>
         <subfield code="d">Z7055.B5</subfield>
         <subfield code="e">0307</subfield>
         <subfield code="f">0</subfield>
         <subfield code="g">5</subfield>
         <subfield code="j">1-2</subfield>
         <subfield code="k">1954/1955-1956/1957</subfield>
      </datafield>
      <datafield tag="OWN" ind1=" " ind2=" ">
         <subfield code="a">GENERAL</subfield>
      </datafield>
      <datafield tag="998" ind1=" " ind2=" ">
         <subfield code="a">05/13/91</subfield>
         <subfield code="t">c</subfield>
         <subfield code="s">9111</subfield>
         <subfield code="n">NNU</subfield>
         <subfield code="w">NYUG87S2276</subfield>
         <subfield code="d">09/08/87</subfield>
         <subfield code="c">NG</subfield>
         <subfield code="b">MJD</subfield>
         <subfield code="i">910513</subfield>
         <subfield code="h">870909</subfield>
         <subfield code="l">NYUG</subfield>
      </datafield>
      <datafield tag="AVA" ind1=" " ind2=" ">
         <subfield code="a">NYU50</subfield>
         <subfield code="b">NIFA</subfield>
         <subfield code="c">Main Collection</subfield>
         <subfield code="d">Z7055 .B5 Non-circulating</subfield>
         <subfield code="e">unavailable</subfield>
         <subfield code="t">Unavailable</subfield>
         <subfield code="f">1</subfield>
         <subfield code="g">1</subfield>
         <subfield code="h">Y</subfield>
         <subfield code="i">0</subfield>
         <subfield code="j">MAIN</subfield>
         <subfield code="k">0</subfield>
      </datafield>
      <datafield tag="AVA" ind1=" " ind2=" ">
         <subfield code="a">NYU50</subfield>
         <subfield code="b">NISAW</subfield>
         <subfield code="c">Small Collection</subfield>
         <subfield code="d">Z7055 .B5</subfield>
         <subfield code="e">available</subfield>
         <subfield code="t">Available</subfield>
         <subfield code="f">1</subfield>
         <subfield code="g">0</subfield>
         <subfield code="h">Y</subfield>
         <subfield code="i">0</subfield>
         <subfield code="j">SMALL</subfield>
         <subfield code="k">0</subfield>
      </datafield>
      <marc:datafield tag="852" ind1=" " ind2=" ">
         <marc:subfield code="b">Institute for the Study of the Ancient World, </marc:subfield>
         <marc:subfield code="c">Small Collection</marc:subfield>
         <marc:subfield code="e">15 East 84th St., </marc:subfield>
         <marc:subfield code="e">New York, NY  10028</marc:subfield>
      </marc:datafield>
   </record>