
  
  
  
  
  
  
 
  
  <record xsi:schemaLocation="http://www.loc.gov/MARC21/slim http://www.loc.gov/standards/marcxml/schema/MARC21slim.xsd">
      <leader>00000nam a22003490  45M</leader>
      <controlfield tag="FMT">BK</controlfield>
      <controlfield tag="LDR">00000nam a22003490  45M</controlfield>
      <controlfield tag="001">002752141</controlfield>
      <controlfield tag="003">NNU</controlfield>
      <controlfield tag="005">20150519142339.0</controlfield>
      <controlfield tag="008">860516s1983    enka     b    001 0 eng</controlfield>
      <datafield tag="010" ind1=" " ind2=" ">
         <subfield code="a">83201367</subfield>
      </datafield>
      <datafield tag="020" ind1=" " ind2=" ">
         <subfield code="a">0907459331 (pbk.) :</subfield>
         <subfield code="c">£6.95</subfield>
      </datafield>
      <datafield tag="020" ind1=" " ind2=" ">
         <subfield code="a">0907459323 :</subfield>
         <subfield code="c">£15.95</subfield>
      </datafield>
      <datafield tag="035" ind1="9" ind2=" ">
         <subfield code="a">NYUb10452303</subfield>
      </datafield>
      <datafield tag="035" ind1=" " ind2=" ">
         <subfield code="a">(CStRLIN)NYUG86-B16364</subfield>
      </datafield>
      <datafield tag="035" ind1=" " ind2=" ">
         <subfield code="a">GLIS004523037</subfield>
      </datafield>
      <datafield tag="040" ind1=" " ind2=" ">
         <subfield code="d">CStRLIN</subfield>
      </datafield>
      <datafield tag="043" ind1=" " ind2=" ">
         <subfield code="a">a-is---</subfield>
      </datafield>
      <datafield tag="050" ind1="0" ind2=" ">
         <subfield code="a">DS121.55</subfield>
         <subfield code="b">.P35 1983</subfield>
      </datafield>
      <datafield tag="082" ind1="0" ind2=" ">
         <subfield code="a">933.01</subfield>
         <subfield code="2">19</subfield>
      </datafield>
      <datafield tag="090" ind1=" " ind2=" ">
         <subfield code="a">DS121.55</subfield>
         <subfield code="b">.P35 1983</subfield>
         <subfield code="i">05/16/86 CT</subfield>
      </datafield>
      <datafield tag="245" ind1="0" ind2="0">
         <subfield code="a">Palestine in transition :</subfield>
         <subfield code="b">the emergence of ancient Israel /</subfield>
         <subfield code="c">edited by David Noel Freedman and David Frank Graf.</subfield>
      </datafield>
      <datafield tag="260" ind1=" " ind2=" ">
         <subfield code="a">Sheffield, England :</subfield>
         <subfield code="b">Published in association with the American Schools of Oriental Research by the Almond Press,</subfield>
         <subfield code="c">1983.</subfield>
      </datafield>
      <datafield tag="300" ind1=" " ind2=" ">
         <subfield code="a">ix, 108 p. :</subfield>
         <subfield code="b">ill. ;</subfield>
         <subfield code="c">24 cm.</subfield>
      </datafield>
      <datafield tag="490" ind1="1" ind2=" ">
         <subfield code="a">The Social world of biblical antiquity series ;</subfield>
         <subfield code="v">2</subfield>
      </datafield>
      <datafield tag="500" ind1=" " ind2=" ">
         <subfield code="a">ISAW copy is from the library of Hayim and Miriam Tadmor.</subfield>
         <subfield code="5">NNU</subfield>
      </datafield>
      <datafield tag="504" ind1=" " ind2=" ">
         <subfield code="a">Includes bibliographies and indexes.</subfield>
      </datafield>
      <datafield tag="505" ind1="0" ind2=" ">
         <subfield code="a">The Amarna period / William H. Stiebing, Jr. -- The role of the peasant in the Amarna period / John M. Halligan -- Early Israel and the Canaanite socio-economic system / Norman K. Gottwald -- Ancient Palestinian peasant movements and the formation of premonarchic Israel / Marvin L. Chaney -- Ancient Israel's hyphenated history / George E. Mendenhall.</subfield>
      </datafield>
      <datafield tag="650" ind1=" " ind2="0">
         <subfield code="a">Jews</subfield>
         <subfield code="x">History</subfield>
         <subfield code="y">1200-953 B.C.</subfield>
      </datafield>
      <datafield tag="651" ind1=" " ind2="0">
         <subfield code="a">Palestine</subfield>
         <subfield code="x">History</subfield>
         <subfield code="y">To 70 A.D.</subfield>
      </datafield>
      <datafield tag="700" ind1="1" ind2=" ">
         <subfield code="a">Graf, David Frank.</subfield>
      </datafield>
      <datafield tag="700" ind1="1" ind2=" ">
         <subfield code="a">Freedman, David Noel,</subfield>
         <subfield code="d">1922-</subfield>
      </datafield>
      <datafield tag="796" ind1="1" ind2=" ">
         <subfield code="a">Tadmor, Hayim,</subfield>
         <subfield code="e">former owner.</subfield>
      </datafield>
      <datafield tag="796" ind1="1" ind2=" ">
         <subfield code="a">Tadmor, Miriam,</subfield>
         <subfield code="e">former owner.</subfield>
      </datafield>
      <datafield tag="797" ind1="2" ind2=" ">
         <subfield code="a">Tadmor Collection.</subfield>
      </datafield>
      <datafield tag="830" ind1=" " ind2="0">
         <subfield code="a">Social world of biblical antiquity series ;</subfield>
         <subfield code="v">2.</subfield>
      </datafield>
      <datafield tag="OWN" ind1=" " ind2=" ">
         <subfield code="a">GENERAL</subfield>
      </datafield>
      <datafield tag="950" ind1=" " ind2=" ">
         <subfield code="l">IFAM</subfield>
         <subfield code="i">05/16/86 C</subfield>
      </datafield>
      <datafield tag="955" ind1=" " ind2=" ">
         <subfield code="l">IFAM</subfield>
         <subfield code="c">1</subfield>
         <subfield code="i">05/16/86 C</subfield>
      </datafield>
      <datafield tag="AVA" ind1=" " ind2=" ">
         <subfield code="a">NYU50</subfield>
         <subfield code="b">NIFA</subfield>
         <subfield code="c">Main Collection</subfield>
         <subfield code="d">DS121.55 .P35 1983 Non-circulating</subfield>
         <subfield code="e">unavailable</subfield>
         <subfield code="t">Unavailable</subfield>
         <subfield code="f">1</subfield>
         <subfield code="g">1</subfield>
         <subfield code="h">N</subfield>
         <subfield code="i">0</subfield>
         <subfield code="j">MAIN</subfield>
         <subfield code="k">0</subfield>
      </datafield>
      <datafield tag="AVA" ind1=" " ind2=" ">
         <subfield code="a">NYU50</subfield>
         <subfield code="b">NISAW</subfield>
         <subfield code="c">Small Collection</subfield>
         <subfield code="d">DS121.55 .P35 1983</subfield>
         <subfield code="e">available</subfield>
         <subfield code="t">Available</subfield>
         <subfield code="f">1</subfield>
         <subfield code="g">0</subfield>
         <subfield code="h">N</subfield>
         <subfield code="i">0</subfield>
         <subfield code="j">SMALL</subfield>
         <subfield code="k">0</subfield>
      </datafield>
      <marc:datafield tag="852" ind1=" " ind2=" ">
         <marc:subfield code="b">Institute for the Study of the Ancient World, </marc:subfield>
         <marc:subfield code="c">Small Collection</marc:subfield>
         <marc:subfield code="e">15 East 84th St., </marc:subfield>
         <marc:subfield code="e">New York, NY  10028</marc:subfield>
      </marc:datafield>
   </record>