
  
  
  
  
  
  
  
  
 
  
  <record xsi:schemaLocation="http://www.loc.gov/MARC21/slim http://www.loc.gov/standards/marcxml/schema/MARC21slim.xsd">
      <leader>00000cam a2200373 i 45M</leader>
      <controlfield tag="FMT">BK</controlfield>
      <controlfield tag="LDR">00000cam a2200373 i 45M</controlfield>
      <controlfield tag="001">002601998</controlfield>
      <controlfield tag="003">NNU</controlfield>
      <controlfield tag="005">20150519092516.0</controlfield>
      <controlfield tag="008">940809s1979    be       b    101 0 eng</controlfield>
      <datafield tag="010" ind1=" " ind2=" ">
         <subfield code="a">80484837</subfield>
      </datafield>
      <datafield tag="015" ind1=" " ind2=" ">
         <subfield code="a">Be***</subfield>
      </datafield>
      <datafield tag="020" ind1=" " ind2=" ">
         <subfield code="a">9070192039 (set)</subfield>
      </datafield>
      <datafield tag="035" ind1="9" ind2=" ">
         <subfield code="a">NYUb10280557</subfield>
      </datafield>
      <datafield tag="035" ind1=" " ind2=" ">
         <subfield code="a">(CStRLIN)NYUG06095019-B</subfield>
      </datafield>
      <datafield tag="040" ind1=" " ind2=" ">
         <subfield code="a">DLC</subfield>
         <subfield code="c">DLC</subfield>
         <subfield code="d">*m.c.*</subfield>
         <subfield code="d">NNU</subfield>
         <subfield code="d">CStRLIN</subfield>
      </datafield>
      <datafield tag="041" ind1="0" ind2=" ">
         <subfield code="a">engfreger</subfield>
      </datafield>
      <datafield tag="043" ind1=" " ind2=" ">
         <subfield code="a">aw-----</subfield>
      </datafield>
      <datafield tag="050" ind1=" " ind2="4">
         <subfield code="a">HC31</subfield>
         <subfield code="b">.S72</subfield>
      </datafield>
      <datafield tag="082" ind1="0" ind2=" ">
         <subfield code="a">330.939/4</subfield>
         <subfield code="2">19</subfield>
      </datafield>
      <datafield tag="090" ind1=" " ind2=" ">
         <subfield code="a">HC31</subfield>
         <subfield code="b">.S72</subfield>
         <subfield code="i">08/09/94 CT</subfield>
      </datafield>
      <datafield tag="245" ind1="0" ind2="0">
         <subfield code="a">State and temple economy in the ancient Near East :</subfield>
         <subfield code="b">proceedings of the international conference /</subfield>
         <subfield code="c">organized by the Katholieke Universiteit Leuven from the 10th to the 14th of April, 1978 ; edited by Edward Lipínski.</subfield>
      </datafield>
      <datafield tag="260" ind1=" " ind2=" ">
         <subfield code="a">Leuven :</subfield>
         <subfield code="b">Departement Oriëntalistiek,</subfield>
         <subfield code="c">1979.</subfield>
      </datafield>
      <datafield tag="300" ind1=" " ind2=" ">
         <subfield code="a">2 v. ;</subfield>
         <subfield code="c">25 cm.</subfield>
      </datafield>
      <datafield tag="490" ind1="1" ind2=" ">
         <subfield code="a">Orientalia Lovaniensia analecta ;</subfield>
         <subfield code="v">5-6</subfield>
      </datafield>
      <datafield tag="500" ind1=" " ind2=" ">
         <subfield code="a">English, French, or German.</subfield>
      </datafield>
      <datafield tag="500" ind1=" " ind2=" ">
         <subfield code="a">ISAW copy is from the library of Hayim and Miriam Tadmor.</subfield>
         <subfield code="5">NNU</subfield>
      </datafield>
      <datafield tag="504" ind1=" " ind2=" ">
         <subfield code="a">Includes bibliographical references and indexes.</subfield>
      </datafield>
      <datafield tag="505" ind1="0" ind2="0">
         <subfield code="g">v.1.</subfield>
         <subfield code="t">Household and family in early Mesopotamia /</subfield>
         <subfield code="r">Gelb, I.J. --</subfield>
         <subfield code="t">God, king, and man at Yale /</subfield>
         <subfield code="r">Hallo, W.W. --</subfield>
         <subfield code="t">Cult-temple and 'state' during the Old Kingdom in Egypt /</subfield>
         <subfield code="r">Goedicke, H. --</subfield>
         <subfield code="t">Les Papyrus d'Abousir et l'économie des temples funéraires de l'Ancient Empire /</subfield>
         <subfield code="r">Posener-Kriéger, P. --</subfield>
         <subfield code="t">Die Archive von Šuruppage (Fāra) : Umfang und Grenzen der Auswertbarkeit /</subfield>
         <subfield code="r">Edzard, D.O. --</subfield>
         <subfield code="t">Il commercio internazionale di Ebla : economia statale e privata /</subfield>
         <subfield code="r">Pettinato, G. --</subfield>
         <subfield code="t">Le rôle du palais dans l'économie néo-sumérienne /</subfield>
         <subfield code="r">Limet, H. --</subfield>
         <subfield code="t">Interaction of temple, palace, and 'private enterprise' in the Old Babylonian economy /</subfield>
         <subfield code="r">Renger, J. --</subfield>
         <subfield code="t">Ur in altbabylonischer Zeit als Wirtschaftsfaktor /</subfield>
         <subfield code="r">Butz, K.</subfield>
      </datafield>
      <datafield tag="505" ind1="0" ind2="0">
         <subfield code="g">v.2.</subfield>
         <subfield code="t">Zu den Eigentumsverhältnissen in der altbabylonischen Zeit : Das Problem der Privatwirtschaft /</subfield>
         <subfield code="r">Komoróczy, G. --</subfield>
         <subfield code="t">Der 'Palast" Produzent und Unternehmer im Königreiche Babylon nach Hammurabi (ca. 1750-1600 v. Chr.) /</subfield>
         <subfield code="r">Kraus, F.R. --</subfield>
         <subfield code="t">Die Palastwirtschaft in Alalah /</subfield>
         <subfield code="r">Klengel, H. --</subfield>
         <subfield code="t">Royal economy in ancient Ugarit /</subfield>
         <subfield code="r">Heltzer, M. --</subfield>
         <subfield code="t">La politique économique du Nouvel Empire hittite /</subfield>
         <subfield code="r">Kestemont, G. --</subfield>
         <subfield code="t">The role of the temple in the Egyptian economy during the New Kingdom /</subfield>
         <subfield code="r">Janssen, J.J. --</subfield>
         <subfield code="t">L'évolution de la gestion domaniale sous le Nouvel Empire égyptien /</subfield>
         <subfield code="r">Kruchten, J.-M. --</subfield>
         <subfield code="t">The monarchy and the development of trade in ancient Israel /</subfield>
         <subfield code="r">Elat, M. --</subfield>
         <subfield code="t">Economy of the Phoenician settlements in Spain /</subfield>
         <subfield code="r">Yu, B. --</subfield>
         <subfield code="t">Les temples néo-assyriens et les origines du monnayage /</subfield>
         <subfield code="r">Lipiński, E. --</subfield>
         <subfield code="t">State and temple in Babylonia in the first millennium B.C. /</subfield>
         <subfield code="r">Dandamayev, M.A. --</subfield>
         <subfield code="r">Les monnayages satrapaux, provinciaux et régionaux dans l'Empire perse face au numéraire officiel des Achéménides /</subfield>
         <subfield code="r">Naster, P. --</subfield>
         <subfield code="t">Les donations aux temples dans l'Égypt du Ier millénaire avant J.-C. /</subfield>
         <subfield code="r">Meeks, D. --</subfield>
         <subfield code="t">Les textes géographiques du Trésor D'du temple de Dendara --</subfield>
         <subfield code="r">Daumas, F. --</subfield>
         <subfield code="t">Documents égyptiens et rôle économique du clergé en Ègypte hellénistique /</subfield>
         <subfield code="r">Quaegebeur, J. --</subfield>
         <subfield code="t">Etyptian estate-holders in the Ptolemaic period /</subfield>
         <subfield code="r">Clarysse, W. --</subfield>
         <subfield code="t">Synthèse finale /</subfield>
         <subfield code="r">Bogaert, R.</subfield>
      </datafield>
      <datafield tag="651" ind1=" " ind2="0">
         <subfield code="a">Middle East</subfield>
         <subfield code="x">Economic conditions</subfield>
         <subfield code="v">Congresses.</subfield>
      </datafield>
      <datafield tag="700" ind1="1" ind2=" ">
         <subfield code="a">Lipiński, Edward,</subfield>
         <subfield code="d">1888-</subfield>
      </datafield>
      <datafield tag="710" ind1="2" ind2=" ">
         <subfield code="a">Université catholique de Louvain (1835-1969)</subfield>
      </datafield>
      <datafield tag="796" ind1="1" ind2=" ">
         <subfield code="a">Tadmor, Hayim,</subfield>
         <subfield code="e">former owner.</subfield>
      </datafield>
      <datafield tag="796" ind1="1" ind2=" ">
         <subfield code="a">Tadmor, Miriam,</subfield>
         <subfield code="e">former owner.</subfield>
      </datafield>
      <datafield tag="797" ind1="2" ind2=" ">
         <subfield code="a">Tadmor Collection.</subfield>
      </datafield>
      <datafield tag="830" ind1=" " ind2="0">
         <subfield code="a">Orientalia Lovaniensia analecta ;</subfield>
         <subfield code="v">5, 6.</subfield>
      </datafield>
      <datafield tag="OWN" ind1=" " ind2=" ">
         <subfield code="a">GENERAL</subfield>
      </datafield>
      <datafield tag="950" ind1=" " ind2=" ">
         <subfield code="l">BMAIN</subfield>
         <subfield code="n">455:sl\Unanalyzed\</subfield>
         <subfield code="i">08/09/94 C</subfield>
      </datafield>
      <datafield tag="955" ind1=" " ind2=" ">
         <subfield code="l">BMAIN</subfield>
         <subfield code="c">1:v.1</subfield>
         <subfield code="q">06095019B-1</subfield>
         <subfield code="r">018634264</subfield>
         <subfield code="i">08/09/94 C</subfield>
      </datafield>
      <datafield tag="955" ind1=" " ind2=" ">
         <subfield code="l">BMAIN</subfield>
         <subfield code="c">1:v.2</subfield>
         <subfield code="q">06095019B-1</subfield>
         <subfield code="r">018634207</subfield>
         <subfield code="i">08/09/94 C</subfield>
      </datafield>
      <datafield tag="950" ind1=" " ind2=" ">
         <subfield code="l">IFAM</subfield>
         <subfield code="a">HC31</subfield>
         <subfield code="b">.S72</subfield>
         <subfield code="h">01/01/01 N</subfield>
      </datafield>
      <datafield tag="998" ind1=" " ind2=" ">
         <subfield code="a">08/09/94</subfield>
         <subfield code="t">b</subfield>
         <subfield code="s">9665</subfield>
         <subfield code="n">NNU</subfield>
         <subfield code="w">DCLC80484837B</subfield>
         <subfield code="d">06/09/83</subfield>
         <subfield code="b">EI</subfield>
         <subfield code="i">940809</subfield>
         <subfield code="l">NYUG</subfield>
      </datafield>
      <datafield tag="AVA" ind1=" " ind2=" ">
         <subfield code="a">NYU50</subfield>
         <subfield code="b">BOBST</subfield>
         <subfield code="c">Main Collection</subfield>
         <subfield code="d">HC31 .S72</subfield>
         <subfield code="e">available</subfield>
         <subfield code="t">Available</subfield>
         <subfield code="f">2</subfield>
         <subfield code="g">0</subfield>
         <subfield code="h">Y</subfield>
         <subfield code="i">3</subfield>
         <subfield code="j">MAIN</subfield>
         <subfield code="k">0</subfield>
      </datafield>
      <datafield tag="AVA" ind1=" " ind2=" ">
         <subfield code="a">NYU50</subfield>
         <subfield code="b">NIFA</subfield>
         <subfield code="c">Main Collection</subfield>
         <subfield code="d">HC31 .S72 Non-circulating</subfield>
         <subfield code="e">available</subfield>
         <subfield code="t">Available</subfield>
         <subfield code="f">2</subfield>
         <subfield code="g">0</subfield>
         <subfield code="h">Y</subfield>
         <subfield code="i">0</subfield>
         <subfield code="j">MAIN</subfield>
         <subfield code="k">0</subfield>
      </datafield>
      <datafield tag="AVA" ind1=" " ind2=" ">
         <subfield code="a">NYU50</subfield>
         <subfield code="b">NISAW</subfield>
         <subfield code="c">Small Collection</subfield>
         <subfield code="d">HC31 .S72 1979</subfield>
         <subfield code="e">available</subfield>
         <subfield code="t">Available</subfield>
         <subfield code="f">2</subfield>
         <subfield code="g">0</subfield>
         <subfield code="h">Y</subfield>
         <subfield code="i">0</subfield>
         <subfield code="j">SMALL</subfield>
         <subfield code="k">0</subfield>
      </datafield>
      <marc:datafield tag="852" ind1=" " ind2=" ">
         <marc:subfield code="b">Institute for the Study of the Ancient World, </marc:subfield>
         <marc:subfield code="c">Small Collection</marc:subfield>
         <marc:subfield code="e">15 East 84th St., </marc:subfield>
         <marc:subfield code="e">New York, NY  10028</marc:subfield>
      </marc:datafield>
   </record>