
  
  
  
  
  
  
  
 
  
  <record xsi:schemaLocation="http://www.loc.gov/MARC21/slim http://www.loc.gov/standards/marcxml/schema/MARC21slim.xsd">
      <leader>00000nam a22002650  45M</leader>
      <controlfield tag="FMT">BK</controlfield>
      <controlfield tag="LDR">00000nam a22002650  45M</controlfield>
      <controlfield tag="001">002560836</controlfield>
      <controlfield tag="003">NNU</controlfield>
      <controlfield tag="005">20150520095701.0</controlfield>
      <controlfield tag="008">790312s1918    nyub          000 0 eng</controlfield>
      <datafield tag="010" ind1=" " ind2=" ">
         <subfield code="a">18009797</subfield>
      </datafield>
      <datafield tag="035" ind1="9" ind2=" ">
         <subfield code="a">NYUb10228107</subfield>
      </datafield>
      <datafield tag="035" ind1=" " ind2=" ">
         <subfield code="a">GLIS002281076</subfield>
      </datafield>
      <datafield tag="035" ind1=" " ind2=" ">
         <subfield code="a">(CStRLIN)NYUG4734336B</subfield>
      </datafield>
      <datafield tag="040" ind1=" " ind2=" ">
         <subfield code="a">DLC</subfield>
         <subfield code="c">TxFTC</subfield>
         <subfield code="d">*m.c.*</subfield>
         <subfield code="d">NNU</subfield>
         <subfield code="d">CStRLIN</subfield>
         <subfield code="d">NNU</subfield>
      </datafield>
      <datafield tag="050" ind1=" " ind2="4">
         <subfield code="a">DS59.A7</subfield>
         <subfield code="b">K8 1918</subfield>
      </datafield>
      <datafield tag="100" ind1="1" ind2=" ">
         <subfield code="a">Kraeling, Emil Gottlieb Heinrich,</subfield>
         <subfield code="d">1892-</subfield>
      </datafield>
      <datafield tag="245" ind1="1" ind2="0">
         <subfield code="a">Aram and Israel :</subfield>
         <subfield code="b">or, The Aramaeans in Syria and Mesopotamia /</subfield>
         <subfield code="c">by Emil G. H. Kraeling, Ph.D.</subfield>
      </datafield>
      <datafield tag="260" ind1=" " ind2=" ">
         <subfield code="a">New York :</subfield>
         <subfield code="b">Columbia University Press,</subfield>
         <subfield code="c">1918.</subfield>
      </datafield>
      <datafield tag="300" ind1=" " ind2=" ">
         <subfield code="a">xvi, 155 p. :</subfield>
         <subfield code="b">front. (maps) ;</subfield>
         <subfield code="c">25 cm.</subfield>
      </datafield>
      <datafield tag="490" ind1="1" ind2=" ">
         <subfield code="a">Columbia University oriental studies,</subfield>
         <subfield code="v">v. 13</subfield>
      </datafield>
      <datafield tag="500" ind1=" " ind2=" ">
         <subfield code="a">ISAW copy is from the library of Hayim and Miriam Tadmor.</subfield>
         <subfield code="5">NNU</subfield>
      </datafield>
      <datafield tag="502" ind1=" " ind2=" ">
         <subfield code="a">Published also as thesis (Ph.D.) Columbia University, 1917.</subfield>
      </datafield>
      <datafield tag="650" ind1=" " ind2="0">
         <subfield code="a">Jews</subfield>
         <subfield code="x">History</subfield>
         <subfield code="y">To 586 B.C.</subfield>
      </datafield>
      <datafield tag="650" ind1=" " ind2="0">
         <subfield code="a">Arameans.</subfield>
      </datafield>
      <datafield tag="651" ind1=" " ind2="0">
         <subfield code="a">Syria</subfield>
         <subfield code="x">History.</subfield>
      </datafield>
      <datafield tag="796" ind1="1" ind2=" ">
         <subfield code="a">Tadmor, Hayim,</subfield>
         <subfield code="e">former owner.</subfield>
      </datafield>
      <datafield tag="796" ind1="1" ind2=" ">
         <subfield code="a">Tadmor, Miriam,</subfield>
         <subfield code="e">former owner.</subfield>
      </datafield>
      <datafield tag="797" ind1="2" ind2=" ">
         <subfield code="a">Tadmor Collection.</subfield>
      </datafield>
      <datafield tag="830" ind1=" " ind2="0">
         <subfield code="a">Columbia University oriental studies ;</subfield>
         <subfield code="v">v. 13.</subfield>
      </datafield>
      <datafield tag="OWN" ind1=" " ind2=" ">
         <subfield code="a">GENERAL</subfield>
      </datafield>
      <datafield tag="950" ind1=" " ind2=" ">
         <subfield code="l">BStack</subfield>
         <subfield code="a">DS59.A7</subfield>
         <subfield code="b">K8</subfield>
         <subfield code="i">01/01/01 N</subfield>
         <subfield code="x">1</subfield>
      </datafield>
      <datafield tag="AVA" ind1=" " ind2=" ">
         <subfield code="a">NYU50</subfield>
         <subfield code="b">BOBST</subfield>
         <subfield code="c">Main Collection</subfield>
         <subfield code="d">DS59.A7 K8</subfield>
         <subfield code="e">unavailable</subfield>
         <subfield code="t">Unavailable</subfield>
         <subfield code="f">1</subfield>
         <subfield code="g">1</subfield>
         <subfield code="h">N</subfield>
         <subfield code="i">0</subfield>
         <subfield code="j">MAIN</subfield>
         <subfield code="k">0</subfield>
      </datafield>
      <datafield tag="AVA" ind1=" " ind2=" ">
         <subfield code="a">NYU50</subfield>
         <subfield code="b">NISAW</subfield>
         <subfield code="c">Small Collection</subfield>
         <subfield code="d">DS59.A7 K8 1918</subfield>
         <subfield code="e">unavailable</subfield>
         <subfield code="t">Unavailable</subfield>
         <subfield code="f">1</subfield>
         <subfield code="g">1</subfield>
         <subfield code="h">N</subfield>
         <subfield code="i">0</subfield>
         <subfield code="j">SMALL</subfield>
         <subfield code="k">0</subfield>
      </datafield>
      <marc:datafield tag="852" ind1=" " ind2=" ">
         <marc:subfield code="b">Institute for the Study of the Ancient World, </marc:subfield>
         <marc:subfield code="c">Small Collection</marc:subfield>
         <marc:subfield code="e">15 East 84th St., </marc:subfield>
         <marc:subfield code="e">New York, NY  10028</marc:subfield>
      </marc:datafield>
   </record>