
  
  
  
  
  
  
 
  
  <record xsi:schemaLocation="http://www.loc.gov/MARC21/slim http://www.loc.gov/standards/marcxml/schema/MARC21slim.xsd">
      <leader>00000cam  2200445 i 4500</leader>
      <controlfield tag="FMT">BK</controlfield>
      <controlfield tag="LDR">00000cam  2200445 i 4500</controlfield>
      <controlfield tag="001">004139907</controlfield>
      <controlfield tag="003">OCoLC</controlfield>
      <controlfield tag="005">20150520113455.0</controlfield>
      <controlfield tag="008">150519t20152015ii ab    b    001 0 eng d</controlfield>
      <datafield tag="020" ind1=" " ind2=" ">
         <subfield code="a">9789350980682 (set) (set)</subfield>
      </datafield>
      <datafield tag="020" ind1=" " ind2=" ">
         <subfield code="a">9350980681 (set) (set)</subfield>
      </datafield>
      <datafield tag="020" ind1=" " ind2=" ">
         <subfield code="a">9789350980699 (vol. I) (volume 1)</subfield>
      </datafield>
      <datafield tag="020" ind1=" " ind2=" ">
         <subfield code="a">935098069X (vol. I) (volume 1)</subfield>
      </datafield>
      <datafield tag="020" ind1=" " ind2=" ">
         <subfield code="a">9789350980705 (vol. II) (volume 2)</subfield>
      </datafield>
      <datafield tag="020" ind1=" " ind2=" ">
         <subfield code="a">9350980703 (vol. II) (volume 2)</subfield>
      </datafield>
      <datafield tag="035" ind1=" " ind2=" ">
         <subfield code="a">(OCoLC)909012463</subfield>
      </datafield>
      <datafield tag="040" ind1=" " ind2=" ">
         <subfield code="a">DKAGE</subfield>
         <subfield code="b">eng</subfield>
         <subfield code="e">rda</subfield>
         <subfield code="c">DKAGE</subfield>
         <subfield code="d">NNU</subfield>
      </datafield>
      <datafield tag="043" ind1=" " ind2=" ">
         <subfield code="a">a-ii---</subfield>
         <subfield code="a">ac-----</subfield>
         <subfield code="a">a-af---</subfield>
         <subfield code="a">a-uz---</subfield>
         <subfield code="a">a-ta---</subfield>
         <subfield code="a">i------</subfield>
      </datafield>
      <datafield tag="050" ind1=" " ind2="4">
         <subfield code="a">CJ3376</subfield>
         <subfield code="b">.B67 2015</subfield>
      </datafield>
      <datafield tag="082" ind1="0" ind2="4">
         <subfield code="a">737.495</subfield>
         <subfield code="2">23</subfield>
      </datafield>
      <datafield tag="100" ind1="1" ind2=" ">
         <subfield code="a">Bopearachchi, Osmund.</subfield>
      </datafield>
      <datafield tag="240" ind1="1" ind2="0">
         <subfield code="a">Works.</subfield>
         <subfield code="k">Selections</subfield>
      </datafield>
      <datafield tag="245" ind1="1" ind2="0">
         <subfield code="a">From Bactria to Taprobane :</subfield>
         <subfield code="b">selected works of Osmund Bopearachchi.</subfield>
      </datafield>
      <datafield tag="264" ind1=" " ind2="1">
         <subfield code="a">New Delhi :</subfield>
         <subfield code="b">Manohar,</subfield>
         <subfield code="c">2015.</subfield>
      </datafield>
      <datafield tag="264" ind1=" " ind2="4">
         <subfield code="c">©2015</subfield>
      </datafield>
      <datafield tag="300" ind1=" " ind2=" ">
         <subfield code="a">2 volumes :</subfield>
         <subfield code="b">illustrations (black and white, and color), maps (black and white) ;</subfield>
         <subfield code="c">25 cm</subfield>
      </datafield>
      <datafield tag="336" ind1=" " ind2=" ">
         <subfield code="a">text</subfield>
         <subfield code="a">txt</subfield>
         <subfield code="2">rdacontent</subfield>
      </datafield>
      <datafield tag="337" ind1=" " ind2=" ">
         <subfield code="a">unmediated</subfield>
         <subfield code="b">n</subfield>
         <subfield code="2">rdamedia</subfield>
      </datafield>
      <datafield tag="338" ind1=" " ind2=" ">
         <subfield code="a">volume</subfield>
         <subfield code="b">nc</subfield>
         <subfield code="2">rdacarrier</subfield>
      </datafield>
      <datafield tag="504" ind1=" " ind2=" ">
         <subfield code="a">Includes bibliographical references and indexes.</subfield>
      </datafield>
      <datafield tag="505" ind1="0" ind2="0">
         <subfield code="g">Volume I.</subfield>
         <subfield code="t">Central Asian and Indian numismatics.</subfield>
         <subfield code="t">Pre-Bactrian numismatics.</subfield>
         <subfield code="t">Sophytes, the enigmatic ruler of Central Asia --</subfield>
         <subfield code="t">Seleucid coins of Central Asia and the Bactra mint --</subfield>
         <subfield code="t">Two unreported coins from the second Mir Zakah deposit --</subfield>
         <subfield code="t">Monetary policy of Bactria under the Seleucids --</subfield>
         <subfield code="t">Greek realms in Afghanistan : new data --</subfield>
         <subfield code="t">First local monetary issues of north-west India : new data.</subfield>
         <subfield code="t">Bactrian and Indo-Greek numismatics.</subfield>
         <subfield code="t">Overstruck Indo-Greek coins --</subfield>
         <subfield code="t">Evidence of overstrikes for the reconstruction of the history of the Indo-Greeks --</subfield>
         <subfield code="t">Graeco-Bactrian issues of later Indo-Greek kings --</subfield>
         <subfield code="t">Menader Soter, an Indo-Greek king : chronological and geographical observations --</subfield>
         <subfield code="t">Euthydemus' imitations and the date of Sogdian independence --</subfield>
         <subfield code="t">On the so-called earliest represetnations of Gaṇeśa --</subfield>
         <subfield code="t">Indian Brahman on a coin of Indo-Greek Telephus --</subfield>
         <subfield code="t">Bactrian and Indo-Greek coins --</subfield>
         <subfield code="t">Coin production and circulation in Central Asia and north-west India (before and after Alexander's conquest) --</subfield>
         <subfield code="t">Recent coin hoard evidence on pre-Kushana chronology --</subfield>
         <subfield code="t">Some interesting coins from the Pandayale hoard --</subfield>
         <subfield code="t">Two more unique coins from the second Mir Zakah deposit --</subfield>
         <subfield code="t">Thundering Zeus revisited --</subfield>
         <subfield code="t">Diomedes overstruck by Agathocleia --</subfield>
         <subfield code="t">To err is human --</subfield>
         <subfield code="t">Three interesting Indo-Greek coins --</subfield>
         <subfield code="t">Over-struck and double-struck --</subfield>
         <subfield code="t">Two rare pre-Kushan coins --</subfield>
         <subfield code="t">Was Indo-Greek Artemidoros the son of Indo-Scythian Maues? Amluk Dara hoard revisited --</subfield>
         <subfield code="t">Note on some interesting Indo-Greek coins --</subfield>
         <subfield code="t">Emergence of the Greco-Bactrian and Indo-Greek kingdoms --</subfield>
         <subfield code="t">Two exception Indo-Greek numismatic documents.</subfield>
      </datafield>
      <datafield tag="505" ind1="8" ind2="0">
         <subfield code="t">Indo-Scythian, Indo-Parthian and Kushan numismatics.</subfield>
         <subfield code="t">Gold coin of the Indo-Parthian ruler Abdagaes II --</subfield>
         <subfield code="t">Našten, a hitherto unknown Iranian ruler in India --</subfield>
         <subfield code="t">Indo-Parthians --</subfield>
         <subfield code="t">New gold coin of Abdagases II --</subfield>
         <subfield code="t">Numismatic data and the dating of the Begram bazaar --</subfield>
         <subfield code="t">Sabedana or Sarpadana --</subfield>
         <subfield code="t">Some observations on the chronology of the early Kushans --</subfield>
         <subfield code="t">Begram Stûpa deposit : further study on the origin of Kushan gold.</subfield>
         <subfield code="t">Cultural heritage of Afghanistan.</subfield>
         <subfield code="t">Vandalized Afghanistan : the destruction of Afghanistan's cultural treasures during the period of the Civil War in looting and illegal excavations has caused a huge loss of human heritage --</subfield>
         <subfield code="t">Preserving Afghanistan's cultural heritage : what is to be done? --</subfield>
         <subfield code="t">Joy and a curse.</subfield>
      </datafield>
      <datafield tag="505" ind1="8" ind2="0">
         <subfield code="g">Volume II.</subfield>
         <subfield code="t">Art history and maritime trade.</subfield>
         <subfield code="t">Central Asian and Indian art.</subfield>
         <subfield code="t">Faience head of a Graeco-Bactrian king from Ai Khanum --</subfield>
         <subfield code="t">Gilded silver statue of a modest Venus from Begram --</subfield>
         <subfield code="t">Two Greek bracelets with Greek inscriptions found in Hellenised Central Asia --</subfield>
         <subfield code="t">Acroliths from Bactria and Gandhāra --</subfield>
         <subfield code="t">Enigmatic image of Varāha-Viṣṇu from Gandhāra --</subfield>
         <subfield code="t">In search of Utpalavarṇā in Gandhāran Buddhist art --</subfield>
         <subfield code="t">First Kushan sovereigns : chronology and monetary iconography.</subfield>
         <subfield code="t">South Indian and Sri Lankan art.</subfield>
         <subfield code="t">Pleasure gardens of Sigiriya : a new approach --</subfield>
         <subfield code="t">Sculptures of Amaravati tradition in Sri Lanka --</subfield>
         <subfield code="t">Andhra-Tamil Nadu and Sri Lanka : early Buddhist sculptures of Sri Lanka.</subfield>
         <subfield code="t">Maritime trade in the Indian Ocean.</subfield>
         <subfield code="t">Seafaring in the Indian Ocean : archaeological evidence from Sri Lanka --</subfield>
         <subfield code="t">Codrington's studies on Sri Lankan numismatics : past and present --</subfield>
         <subfield code="t">Archaeological evidence on changing patterns of international trade relations of ancient Sri Lanka --</subfield>
         <subfield code="t">Port sites and emporia of ancient Sri Lanka : new archaeological data --</subfield>
         <subfield code="t">Archaeological evidence on shipping communities of Sri Lanka --</subfield>
         <subfield code="t">Inscribed Abhisheka Lakshmi coin from Sri Lanka --</subfield>
         <subfield code="t">Circulation of Roman and Byzantine gold coins in Sri Lanka : fact or fiction --</subfield>
         <subfield code="t">Tamil traders in Sri Lanka and Sinhalese traders in Tamil Nadu : new archaeological evidence on cultural and commercial relationships between ancient Sri Lanka and Tamil Nadu.</subfield>
      </datafield>
      <datafield tag="650" ind1=" " ind2="0">
         <subfield code="a">Numismatics</subfield>
         <subfield code="z">India.</subfield>
      </datafield>
      <datafield tag="650" ind1=" " ind2="0">
         <subfield code="a">Numismatics</subfield>
         <subfield code="z">Asia, Central.</subfield>
      </datafield>
      <datafield tag="650" ind1=" " ind2="0">
         <subfield code="a">Numismatics, Greek</subfield>
         <subfield code="z">India.</subfield>
      </datafield>
      <datafield tag="650" ind1=" " ind2="0">
         <subfield code="a">Numismatics, Greek</subfield>
         <subfield code="z">Bactria.</subfield>
      </datafield>
      <datafield tag="650" ind1=" " ind2="0">
         <subfield code="a">Art, Central Asian.</subfield>
      </datafield>
      <datafield tag="650" ind1=" " ind2="0">
         <subfield code="a">Art, Indic.</subfield>
      </datafield>
      <datafield tag="650" ind1=" " ind2="0">
         <subfield code="a">Shipping</subfield>
         <subfield code="z">Indian Ocean</subfield>
         <subfield code="x">History.</subfield>
      </datafield>
      <datafield tag="651" ind1=" " ind2="0">
         <subfield code="a">South Asia</subfield>
         <subfield code="x">Antiquities.</subfield>
      </datafield>
      <datafield tag="651" ind1=" " ind2="0">
         <subfield code="a">Asia, Central</subfield>
         <subfield code="x">Antiquities.</subfield>
      </datafield>
      <datafield tag="994" ind1=" " ind2=" ">
         <subfield code="a">Z0</subfield>
         <subfield code="b">ZYU</subfield>
      </datafield>
      <datafield tag="OWN" ind1=" " ind2=" ">
         <subfield code="a">GENERAL</subfield>
      </datafield>
      <datafield tag="AVA" ind1=" " ind2=" ">
         <subfield code="a">NYU50</subfield>
         <subfield code="b">NISAW</subfield>
         <subfield code="c">Small Collection</subfield>
         <subfield code="d">CJ3376 .B67 2015</subfield>
         <subfield code="e">available</subfield>
         <subfield code="t">Available</subfield>
         <subfield code="f">2</subfield>
         <subfield code="g">0</subfield>
         <subfield code="h">Y</subfield>
         <subfield code="i">0</subfield>
         <subfield code="j">SMALL</subfield>
         <subfield code="k">0</subfield>
      </datafield>
      <marc:datafield tag="852" ind1=" " ind2=" ">
         <marc:subfield code="b">Institute for the Study of the Ancient World, </marc:subfield>
         <marc:subfield code="c">Small Collection</marc:subfield>
         <marc:subfield code="e">15 East 84th St., </marc:subfield>
         <marc:subfield code="e">New York, NY  10028</marc:subfield>
      </marc:datafield>
   </record>