
  
  
  
  
  
 
  
  <record xsi:schemaLocation="http://www.loc.gov/MARC21/slim http://www.loc.gov/standards/marcxml/schema/MARC21slim.xsd">
      <leader>00000cam  2200601 a 4500</leader>
      <controlfield tag="FMT">BK</controlfield>
      <controlfield tag="LDR">00000cam  2200601 a 4500</controlfield>
      <controlfield tag="001">004140487</controlfield>
      <controlfield tag="003">OCoLC</controlfield>
      <controlfield tag="005">20150522121713.0</controlfield>
      <controlfield tag="008">150522s1953    ne b     b    000 0 ger</controlfield>
      <datafield tag="010" ind1=" " ind2=" ">
         <subfield code="a">54044731</subfield>
      </datafield>
      <datafield tag="035" ind1=" " ind2=" ">
         <subfield code="a">(OCoLC)905180</subfield>
      </datafield>
      <datafield tag="040" ind1=" " ind2=" ">
         <subfield code="a">DLC</subfield>
         <subfield code="b">eng</subfield>
         <subfield code="c">BHA</subfield>
         <subfield code="d">DLC</subfield>
         <subfield code="d">NLGGC</subfield>
         <subfield code="d">RPY</subfield>
         <subfield code="d">SYB</subfield>
         <subfield code="d">DEBBG</subfield>
         <subfield code="d">Z@L</subfield>
         <subfield code="d">EUM</subfield>
         <subfield code="d">OCLCQ</subfield>
         <subfield code="d">OCLCF</subfield>
         <subfield code="d">OCLCO</subfield>
         <subfield code="d">OCLCA</subfield>
         <subfield code="d">NNU</subfield>
      </datafield>
      <datafield tag="041" ind1="1" ind2=" ">
         <subfield code="a">dut</subfield>
         <subfield code="a">ger</subfield>
         <subfield code="a">eng</subfield>
         <subfield code="h">akk</subfield>
      </datafield>
      <datafield tag="042" ind1=" " ind2=" ">
         <subfield code="a">premarc</subfield>
      </datafield>
      <datafield tag="043" ind1=" " ind2=" ">
         <subfield code="a">a-iq---</subfield>
         <subfield code="a">aw-----</subfield>
      </datafield>
      <datafield tag="050" ind1="0" ind2="0">
         <subfield code="a">PJ3127</subfield>
         <subfield code="b">.B6</subfield>
      </datafield>
      <datafield tag="082" ind1="0" ind2="4">
         <subfield code="a">221.6</subfield>
         <subfield code="2">20</subfield>
      </datafield>
      <datafield tag="084" ind1=" " ind2=" ">
         <subfield code="a">11.12</subfield>
         <subfield code="2">bcl</subfield>
      </datafield>
      <datafield tag="084" ind1=" " ind2=" ">
         <subfield code="a">BC 7600</subfield>
         <subfield code="2">rvk</subfield>
      </datafield>
      <datafield tag="100" ind1="1" ind2=" ">
         <subfield code="a">Böhl, Franz Marius Theodor,</subfield>
         <subfield code="d">1882-1976.</subfield>
      </datafield>
      <datafield tag="245" ind1="1" ind2="0">
         <subfield code="a">Opera minora :</subfield>
         <subfield code="b">studies en bijdragen op Assyriologisch en Oudtestamentisch terrein /</subfield>
         <subfield code="c">door Franz Marius Theodor de Liagre Böhl.</subfield>
      </datafield>
      <datafield tag="260" ind1=" " ind2=" ">
         <subfield code="a">Groningen :</subfield>
         <subfield code="b">J.B. Wolters,</subfield>
         <subfield code="c">1953.</subfield>
      </datafield>
      <datafield tag="300" ind1=" " ind2=" ">
         <subfield code="a">xvi, 570 pages :</subfield>
         <subfield code="b">portrait, map,</subfield>
         <subfield code="c">24 cm</subfield>
      </datafield>
      <datafield tag="336" ind1=" " ind2=" ">
         <subfield code="a">text</subfield>
         <subfield code="b">txt</subfield>
         <subfield code="2">rdacontent</subfield>
      </datafield>
      <datafield tag="337" ind1=" " ind2=" ">
         <subfield code="a">unmediated</subfield>
         <subfield code="b">n</subfield>
         <subfield code="2">rdamedia</subfield>
      </datafield>
      <datafield tag="338" ind1=" " ind2=" ">
         <subfield code="a">volume</subfield>
         <subfield code="b">nc</subfield>
         <subfield code="2">rdacarrier</subfield>
      </datafield>
      <datafield tag="500" ind1=" " ind2=" ">
         <subfield code="a">ISAW copy is from the Library of Hayim and Miriam Tadmor.</subfield>
         <subfield code="5">NNU</subfield>
      </datafield>
      <datafield tag="504" ind1=" " ind2=" ">
         <subfield code="a">Includes bibliographical references (pages 534-549).</subfield>
      </datafield>
      <datafield tag="505" ind1="0" ind2="0">
         <subfield code="g">A.</subfield>
         <subfield code="t">Het Oude Testament.</subfield>
         <subfield code="t">Het ontstaan en de geschiedkundige waarde van Oudtestamentische verhalen --</subfield>
         <subfield code="t">Wortspiele iim Alten Testament --</subfield>
         <subfield code="t">Das Zeitalter Abrahams --</subfield>
         <subfield code="t">Priester und Prophet --</subfield>
         <subfield code="t">Prophetentum und stellvertretendes Leiden in Assyrien und Israel --</subfield>
         <subfield code="t">Missions und Erwählungsgedanke in Alt-Israel --</subfield>
         <subfield code="t">Die Juden im Urteil der griechischen und römischen Schriftsteller.</subfield>
         <subfield code="g">B.</subfield>
         <subfield code="t">Assyriologie.</subfield>
         <subfield code="t">Zur Frühgeschichte Obermesopotamiens --</subfield>
         <subfield code="t">Schets der Sumerische Wereldbeschouwing --</subfield>
         <subfield code="t">Das Menschenopfer bei den alten Sumerern --</subfield>
         <subfield code="t">Die Tochter des Königs Nabonid --</subfield>
         <subfield code="t">De Zonnegod als de Beschermer der Nooddruftigen --</subfield>
         <subfield code="t">Hymne an Nergal, den Gott der Unterwelt --</subfield>
         <subfield code="t">Mythos und Geschichte in der altbabylonischen Dichtung --</subfield>
         <subfield code="t">Das Problem ewigen Lebens im Zyklus und Epos des Gilgamesch --</subfield>
         <subfield code="t">Nieuwjaarsfeest en Koningsdag in Babylon en in Israël --</subfield>
         <subfield code="t">Die fünfzig Namen des Marduk --</subfield>
         <subfield code="t">Religion und Sitte der Babylonier und Assyrer --</subfield>
         <subfield code="t">Zum babylonischen Ursprung des Labyrinths --</subfield>
         <subfield code="t">King Ḫammurabi of Babylon in the Setting of His Time --</subfield>
         <subfield code="t">Ein Brief des Königs Samsu-Iluna von Babylon (± 1685-1648 v. Chr.) --</subfield>
         <subfield code="t">Hymnisches und Rhythmisches in den Amarnabriefen aus Kanaan --</subfield>
         <subfield code="t">Alteste Keilschriftliche Erwähnungen der Stadt Jerusalem und ihrer Göttin? --</subfield>
         <subfield code="t">Das Zeitalter der Sargoniden nach Briefen aus dem königlichen Archiv zu Nineve --</subfield>
         <subfield code="t">Nebukadnezar en Jojachin --</subfield>
         <subfield code="t">Babylon, de Heilige Stad --</subfield>
         <subfield code="t">Het Babylonische Lied van de Wereldschepping en de Wereldorde : de Eerste Zang.</subfield>
         <subfield code="g">C.</subfield>
         <subfield code="t">Bibliographie.</subfield>
         <subfield code="g">D.</subfield>
         <subfield code="t">Registers.</subfield>
      </datafield>
      <datafield tag="546" ind1=" " ind2=" ">
         <subfield code="a">Contributions in Dutch, German, or English; some texts translated from Akkadian.</subfield>
      </datafield>
      <datafield tag="500" ind1=" " ind2=" ">
         <subfield code="a">ISAW copy is from the Library of Hayim and Miriam Tadmor.</subfield>
         <subfield code="5">NNU</subfield>
      </datafield>
      <datafield tag="650" ind1=" " ind2="0">
         <subfield code="a">Assyriology.</subfield>
      </datafield>
      <datafield tag="630" ind1="0" ind2="0">
         <subfield code="a">Bible.</subfield>
         <subfield code="p">Old Testament</subfield>
         <subfield code="x">Criticism, interpretation, etc.</subfield>
      </datafield>
      <datafield tag="650" ind1=" " ind2="0">
         <subfield code="a">Assyro-Babylonian literature.</subfield>
      </datafield>
      <datafield tag="651" ind1=" " ind2="0">
         <subfield code="a">Middle East</subfield>
         <subfield code="x">Civilization</subfield>
         <subfield code="y">To 622.</subfield>
      </datafield>
      <datafield tag="630" ind1="0" ind2="4">
         <subfield code="a">Bible.</subfield>
         <subfield code="p">Old Testament</subfield>
         <subfield code="x">Collected works.</subfield>
      </datafield>
      <datafield tag="630" ind1="0" ind2="7">
         <subfield code="a">Bible.</subfield>
         <subfield code="p">Old Testament.</subfield>
         <subfield code="2">fast</subfield>
         <subfield code="0">(OCoLC)fst01808092</subfield>
      </datafield>
      <datafield tag="650" ind1=" " ind2="7">
         <subfield code="a">Assyriology.</subfield>
         <subfield code="2">fast</subfield>
         <subfield code="0">(OCoLC)fst00819244</subfield>
      </datafield>
      <datafield tag="796" ind1="1" ind2=" ">
         <subfield code="a">Tadmor, Hayim,</subfield>
         <subfield code="e">former owner.</subfield>
      </datafield>
      <datafield tag="796" ind1="1" ind2=" ">
         <subfield code="a">Tadmor, Miriam,</subfield>
         <subfield code="e">former owner.</subfield>
      </datafield>
      <datafield tag="797" ind1="2" ind2=" ">
         <subfield code="a">Tadmor Collection.</subfield>
      </datafield>
      <datafield tag="776" ind1="0" ind2="8">
         <subfield code="i">Online version:</subfield>
         <subfield code="a">Böhl, Franz Marius Theodor, 1882-1976.</subfield>
         <subfield code="t">Opera minora.</subfield>
         <subfield code="d">Groningen, J.B. Wolters, 1953</subfield>
         <subfield code="w">(OCoLC)580673273</subfield>
      </datafield>
      <datafield tag="994" ind1=" " ind2=" ">
         <subfield code="a">Z0</subfield>
         <subfield code="b">ZYU</subfield>
      </datafield>
      <datafield tag="OWN" ind1=" " ind2=" ">
         <subfield code="a">GENERAL</subfield>
      </datafield>
      <datafield tag="AVA" ind1=" " ind2=" ">
         <subfield code="a">NYU50</subfield>
         <subfield code="b">NISAW</subfield>
         <subfield code="c">Small Collection</subfield>
         <subfield code="d">PJ3127 .B6 1953</subfield>
         <subfield code="e">available</subfield>
         <subfield code="t">Available</subfield>
         <subfield code="f">1</subfield>
         <subfield code="g">0</subfield>
         <subfield code="h">N</subfield>
         <subfield code="i">0</subfield>
         <subfield code="j">SMALL</subfield>
         <subfield code="k">0</subfield>
      </datafield>
      <marc:datafield tag="852" ind1=" " ind2=" ">
         <marc:subfield code="b">Institute for the Study of the Ancient World, </marc:subfield>
         <marc:subfield code="c">Small Collection</marc:subfield>
         <marc:subfield code="e">15 East 84th St., </marc:subfield>
         <marc:subfield code="e">New York, NY  10028</marc:subfield>
      </marc:datafield>
   </record>