
  
  
  
  
  
  
 
  
  <record xsi:schemaLocation="http://www.loc.gov/MARC21/slim http://www.loc.gov/standards/marcxml/schema/MARC21slim.xsd">
      <leader>00000cam  2200421 i 4500</leader>
      <controlfield tag="FMT">BK</controlfield>
      <controlfield tag="LDR">00000cam  2200421 i 4500</controlfield>
      <controlfield tag="001">001857465</controlfield>
      <controlfield tag="003">OCoLC</controlfield>
      <controlfield tag="005">20150526100915.0</controlfield>
      <controlfield tag="008">790802s1961    nyua          000 0 eng</controlfield>
      <datafield tag="010" ind1=" " ind2=" ">
         <subfield code="a">61007649</subfield>
      </datafield>
      <datafield tag="035" ind1=" " ind2=" ">
         <subfield code="a">(OCoLC)5234667</subfield>
         <subfield code="z">(OCoLC)7412143</subfield>
      </datafield>
      <datafield tag="040" ind1=" " ind2=" ">
         <subfield code="a">DLC</subfield>
         <subfield code="b">eng</subfield>
         <subfield code="c">TLT</subfield>
         <subfield code="d">OCL</subfield>
         <subfield code="d">PLF</subfield>
         <subfield code="d">UBA</subfield>
         <subfield code="d">GGN</subfield>
         <subfield code="d">OCL</subfield>
         <subfield code="d">OCLCQ</subfield>
         <subfield code="d">OCLCG</subfield>
         <subfield code="d">BUF</subfield>
         <subfield code="d">OCLCA</subfield>
         <subfield code="d">OCLCQ</subfield>
         <subfield code="d">OCLCO</subfield>
         <subfield code="d">OCLCA</subfield>
         <subfield code="d">OCLCF</subfield>
         <subfield code="d">P4I</subfield>
         <subfield code="d">NNU</subfield>
      </datafield>
      <datafield tag="050" ind1="0" ind2="4">
         <subfield code="a">BS621</subfield>
         <subfield code="b">.B5 1961</subfield>
      </datafield>
      <datafield tag="130" ind1="0" ind2=" ">
         <subfield code="a">Biblical archaeologist.</subfield>
      </datafield>
      <datafield tag="245" ind1="1" ind2="4">
         <subfield code="a">The Biblical archaeologist reader. /</subfield>
         <subfield code="c">edited by David Noel Freedman and G. Ernest Wright.</subfield>
      </datafield>
      <datafield tag="250" ind1=" " ind2=" ">
         <subfield code="a">[1st ed.].</subfield>
      </datafield>
      <datafield tag="260" ind1=" " ind2=" ">
         <subfield code="a">Garden City, N.Y. :</subfield>
         <subfield code="b">Doubleday,</subfield>
         <subfield code="c">1961.</subfield>
      </datafield>
      <datafield tag="300" ind1=" " ind2=" ">
         <subfield code="a">342 pages :</subfield>
         <subfield code="b">illustrations ;</subfield>
         <subfield code="c">19 cm.</subfield>
      </datafield>
      <datafield tag="336" ind1=" " ind2=" ">
         <subfield code="a">text</subfield>
         <subfield code="b">txt</subfield>
         <subfield code="2">rdacontent</subfield>
      </datafield>
      <datafield tag="337" ind1=" " ind2=" ">
         <subfield code="a">unmediated</subfield>
         <subfield code="b">n</subfield>
         <subfield code="2">rdamedia</subfield>
      </datafield>
      <datafield tag="338" ind1=" " ind2=" ">
         <subfield code="a">volume</subfield>
         <subfield code="b">nc</subfield>
         <subfield code="2">rdacarrier</subfield>
      </datafield>
      <datafield tag="490" ind1="1" ind2=" ">
         <subfield code="a">Anchor Books ;</subfield>
         <subfield code="v">A250</subfield>
      </datafield>
      <datafield tag="500" ind1=" " ind2=" ">
         <subfield code="a">ISAW copy is from the library of Hayim and Miriam Tadmor.</subfield>
         <subfield code="5">NNU</subfield>
      </datafield>
      <datafield tag="505" ind1="0" ind2=" ">
         <subfield code="a">Exploring southern Palestine (the Negev) / Nelson Glueck -- The achievement of Nelson Glueck ; Is Glueck's aim to prove that the Bible is true? / G. Ernest Wright -- The writing of an Old Testament book / J. Philip Hyatt -- Has archaeology found evidence of the flood? / John Bright -- Sodom and Gomorrah / J. Penrose Harland -- The manna of Sinai / F.S. Bodenheimer -- Musical instruments of Israel / Ovid R. Sellers -- What were the cherubim? / W.F. Albright -- A new letter in Aramaic, written to a Pharaoh of Egypt / John Bright -- King Joiachin in exile / W.F. Albright -- The Babylonian Chronicle / David Noel Freedman -- New light on the Elephantine colony / Emil G. Kraeling -- The significance of the temple in the ancient Near East. The Egyptian temple : with particular reference to the Theban temples of the Empire Period / Harold H. Nelson ; The Mesopotamian temple / A. Leo Oppenheim ; The temple in Palestine-Syria / G. Ernest Wright -- Temple, synagogue, and church / Floyd V. Filson -- The priestly tabernacle / Frank M. Cross, Jr. -- Synagogues in Palestine / Herbert Gordon May -- The earliest Christian books / C.C. McCown -- Exploring the manuscripts of Sinai and Jerusalem / Kenneth W. Clark -- The geography of Ezekiel's river of life / William R. Farmer -- Leviathan and the beast in Revelation / Howard Wallace -- The Gnostic library of Chenoboskion / Victor Roland Gold -- New radiocarbon method for dating the past / Donald Collier -- Date of cloth from Qumran, Cave 1 / O.R. Sellers -- Some radiocarbon dates / G. Ernest Wright.</subfield>
      </datafield>
      <datafield tag="630" ind1="0" ind2="0">
         <subfield code="a">Bible</subfield>
         <subfield code="x">Antiquities.</subfield>
      </datafield>
      <datafield tag="650" ind1=" " ind2="7">
         <subfield code="a">Religiao (Historia)</subfield>
         <subfield code="2">larpcal</subfield>
      </datafield>
      <datafield tag="650" ind1=" " ind2="7">
         <subfield code="a">Religiao (Livros Sagrados)</subfield>
         <subfield code="2">larpcal</subfield>
      </datafield>
      <datafield tag="650" ind1=" " ind2="7">
         <subfield code="a">Religiao Da Antiguidade.</subfield>
         <subfield code="2">larpcal</subfield>
      </datafield>
      <datafield tag="630" ind1="0" ind2="7">
         <subfield code="a">Bible.</subfield>
         <subfield code="2">fast</subfield>
         <subfield code="0">(OCoLC)fst01356024</subfield>
      </datafield>
      <datafield tag="650" ind1=" " ind2="7">
         <subfield code="a">Antiquities.</subfield>
         <subfield code="2">fast</subfield>
         <subfield code="0">(OCoLC)fst00810745</subfield>
      </datafield>
      <datafield tag="700" ind1="1" ind2=" ">
         <subfield code="a">Freedman, David Noel,</subfield>
         <subfield code="d">1922-2008,</subfield>
         <subfield code="e">editor.</subfield>
      </datafield>
      <datafield tag="796" ind1="1" ind2=" ">
         <subfield code="a">Tadmor, Hayim,</subfield>
         <subfield code="e">former owner.</subfield>
      </datafield>
      <datafield tag="796" ind1="1" ind2=" ">
         <subfield code="a">Tadmor, Miriam,</subfield>
         <subfield code="e">former owner.</subfield>
      </datafield>
      <datafield tag="797" ind1="2" ind2=" ">
         <subfield code="a">Tadmor Collection.</subfield>
      </datafield>
      <datafield tag="830" ind1=" " ind2="0">
         <subfield code="a">Anchor Books ;</subfield>
         <subfield code="v">A250.</subfield>
      </datafield>
      <datafield tag="OWN" ind1=" " ind2=" ">
         <subfield code="a">GENERAL</subfield>
      </datafield>
      <datafield tag="950" ind1=" " ind2=" ">
         <subfield code="l">IFAM</subfield>
         <subfield code="a">BS621</subfield>
         <subfield code="b">.B5 1961b</subfield>
         <subfield code="h">05/31/90 C</subfield>
      </datafield>
      <datafield tag="955" ind1=" " ind2=" ">
         <subfield code="l">IFAM</subfield>
         <subfield code="c">1</subfield>
         <subfield code="h">05/31/90 C</subfield>
      </datafield>
      <datafield tag="998" ind1=" " ind2=" ">
         <subfield code="a">06/18/90</subfield>
         <subfield code="t">c</subfield>
         <subfield code="s">9115</subfield>
         <subfield code="n">NNU</subfield>
         <subfield code="w">NYUG90B22791</subfield>
         <subfield code="d">05/31/90</subfield>
         <subfield code="b">JR</subfield>
         <subfield code="i">900618</subfield>
         <subfield code="h">900531</subfield>
         <subfield code="l">NYUG</subfield>
      </datafield>
      <datafield tag="092" ind1=" " ind2=" ">
         <subfield code="a">220.93</subfield>
         <subfield code="b">B471b</subfield>
      </datafield>
      <datafield tag="AVA" ind1=" " ind2=" ">
         <subfield code="a">NYU50</subfield>
         <subfield code="b">NIFA</subfield>
         <subfield code="c">Main Collection</subfield>
         <subfield code="d">BS621 .B5 1961b Non-circulating</subfield>
         <subfield code="e">unavailable</subfield>
         <subfield code="t">Unavailable</subfield>
         <subfield code="f">1</subfield>
         <subfield code="g">1</subfield>
         <subfield code="h">N</subfield>
         <subfield code="i">0</subfield>
         <subfield code="j">MAIN</subfield>
         <subfield code="k">0</subfield>
      </datafield>
      <datafield tag="AVA" ind1=" " ind2=" ">
         <subfield code="a">NYU50</subfield>
         <subfield code="b">NISAW</subfield>
         <subfield code="c">Small Collection</subfield>
         <subfield code="d">BS621 .B5 1961b</subfield>
         <subfield code="e">available</subfield>
         <subfield code="t">Available</subfield>
         <subfield code="f">1</subfield>
         <subfield code="g">0</subfield>
         <subfield code="h">N</subfield>
         <subfield code="i">0</subfield>
         <subfield code="j">SMALL</subfield>
         <subfield code="k">1</subfield>
      </datafield>
      <marc:datafield tag="852" ind1=" " ind2=" ">
         <marc:subfield code="b">Institute for the Study of the Ancient World, </marc:subfield>
         <marc:subfield code="c">Small Collection</marc:subfield>
         <marc:subfield code="e">15 East 84th St., </marc:subfield>
         <marc:subfield code="e">New York, NY  10028</marc:subfield>
      </marc:datafield>
   </record>