
  
  
  
  
  
  
 
  
  <record xsi:schemaLocation="http://www.loc.gov/MARC21/slim http://www.loc.gov/standards/marcxml/schema/MARC21slim.xsd">
      <leader>00000cam  2200517 i 4500</leader>
      <controlfield tag="FMT">BK</controlfield>
      <controlfield tag="LDR">00000cam  2200517 i 4500</controlfield>
      <controlfield tag="001">004142295</controlfield>
      <controlfield tag="003">OCoLC</controlfield>
      <controlfield tag="005">20150527135906.0</controlfield>
      <controlfield tag="008">150527t20132013fr a     b    010 0 fre d</controlfield>
      <datafield tag="010" ind1=" " ind2=" ">
         <subfield code="a">2013430888</subfield>
      </datafield>
      <datafield tag="020" ind1=" " ind2=" ">
         <subfield code="a">9782343000046</subfield>
      </datafield>
      <datafield tag="020" ind1=" " ind2=" ">
         <subfield code="a">2343000042</subfield>
      </datafield>
      <datafield tag="035" ind1=" " ind2=" ">
         <subfield code="a">(OCoLC)852662293</subfield>
      </datafield>
      <datafield tag="040" ind1=" " ind2=" ">
         <subfield code="a">ERASP</subfield>
         <subfield code="b">eng</subfield>
         <subfield code="e">rda</subfield>
         <subfield code="c">ERASP</subfield>
         <subfield code="d">DLC</subfield>
         <subfield code="d">TZT</subfield>
         <subfield code="d">AUXAM</subfield>
         <subfield code="d">DEBBG</subfield>
         <subfield code="d">COO</subfield>
         <subfield code="d">CGU</subfield>
         <subfield code="d">CHVBK</subfield>
         <subfield code="d">NNU</subfield>
      </datafield>
      <datafield tag="042" ind1=" " ind2=" ">
         <subfield code="a">lccopycat</subfield>
      </datafield>
      <datafield tag="043" ind1=" " ind2=" ">
         <subfield code="a">aw-----</subfield>
         <subfield code="a">a-tu---</subfield>
         <subfield code="a">f-ua---</subfield>
      </datafield>
      <datafield tag="050" ind1="0" ind2="0">
         <subfield code="a">DS66</subfield>
         <subfield code="b">.D38 2013</subfield>
      </datafield>
      <datafield tag="082" ind1="0" ind2="4">
         <subfield code="a">939.4-956</subfield>
      </datafield>
      <datafield tag="245" ind1="0" ind2="0">
         <subfield code="a">De Hattuša à Memphis :</subfield>
         <subfield code="b">Jacques Freu in honorem /</subfield>
         <subfield code="c">édité par Michel Mazoyer et Sydney Hervé Aufrère.</subfield>
      </datafield>
      <datafield tag="264" ind1=" " ind2="1">
         <subfield code="a">Paris :</subfield>
         <subfield code="b">L'Harmattan,</subfield>
         <subfield code="c">[2013]</subfield>
      </datafield>
      <datafield tag="264" ind1=" " ind2="4">
         <subfield code="c">©2013</subfield>
      </datafield>
      <datafield tag="300" ind1=" " ind2=" ">
         <subfield code="a">284 pages :</subfield>
         <subfield code="b">illustrations ;</subfield>
         <subfield code="c">24 cm.</subfield>
      </datafield>
      <datafield tag="336" ind1=" " ind2=" ">
         <subfield code="a">text</subfield>
         <subfield code="b">txt</subfield>
         <subfield code="2">rdacontent</subfield>
      </datafield>
      <datafield tag="337" ind1=" " ind2=" ">
         <subfield code="a">unmediated</subfield>
         <subfield code="b">n</subfield>
         <subfield code="2">rdamedia</subfield>
      </datafield>
      <datafield tag="338" ind1=" " ind2=" ">
         <subfield code="a">volume</subfield>
         <subfield code="b">nc</subfield>
         <subfield code="2">rdacarrier</subfield>
      </datafield>
      <datafield tag="490" ind1="1" ind2=" ">
         <subfield code="a">Collection Kubaba. Série Antiquité</subfield>
      </datafield>
      <datafield tag="504" ind1=" " ind2=" ">
         <subfield code="a">Includes bibliographical references.</subfield>
      </datafield>
      <datafield tag="505" ind1="0" ind2="0">
         <subfield code="t">On ne naît chercheur, on le devient... Jacques Freu /</subfield>
         <subfield code="r">Aufrère, Sydney H. ;</subfield>
         <subfield code="r">Mazoyer, Michel --</subfield>
         <subfield code="t">Bibliographie de Jacques Freu /</subfield>
         <subfield code="r">Mazoyer, Michel.</subfield>
         <subfield code="g">Partie I.</subfield>
         <subfield code="t">Regard sur les origines.</subfield>
         <subfield code="t">Hittite apporte-t-il un soutien lumineux à la théorie eurasiatique? /</subfield>
         <subfield code="r">Levet, Jean Pierre.</subfield>
         <subfield code="g">Partie II.</subfield>
         <subfield code="t">À propos de la civilisation hittite.</subfield>
         <subfield code="g">1.</subfield>
         <subfield code="t">Hommes et les faits.</subfield>
         <subfield code="t">Routes de Palâ /</subfield>
         <subfield code="r">Forlanini, Massimo --</subfield>
         <subfield code="t">Zur Lage des hethitischen Vasallenstaates Wiluša im Südwesten Kleinasiens /</subfield>
         <subfield code="r">Heinhold-Krahmer, Susanne --</subfield>
         <subfield code="t">À propos de la musique des Hittites /</subfield>
         <subfield code="r">Lacheze, Cyril.</subfield>
         <subfield code="g">2.</subfield>
         <subfield code="t">Croyances et idéologie.</subfield>
         <subfield code="t">À propos des chanteuses sacrées à l'époque hittite /</subfield>
         <subfield code="r">Dai, Shihong --</subfield>
         <subfield code="t">Town of Zithara /</subfield>
         <subfield code="r">Kapełuś, Magdalena --</subfield>
         <subfield code="t">Voyage de l'égide dans la mythologie hittite /</subfield>
         <subfield code="r">Mazoyer, Michel --</subfield>
         <subfield code="t">À propos de la mention de dieu de l'Orage dans CTH 726.1 /</subfield>
         <subfield code="r">Nicolle, Raphaël --</subfield>
         <subfield code="t">How many grain-deities Ḫalki/Nisaba? /</subfield>
         <subfield code="r">Taracha, Piotr.</subfield>
         <subfield code="g">Partie III.</subfield>
         <subfield code="t">Hittites et les régions périphériques : Égypte, Ugarit et Chypre.</subfield>
         <subfield code="t">Tablettes alphabétiques de la Maison d'Ourtenou : lieu de rencontre des archives de l'acropole d'Ougarit, des palais d'Ougarit et de la résidence de Ras Ibn Hani /</subfield>
         <subfield code="r">Bordreuil, Pierre --</subfield>
         <subfield code="t">Deux témoins douteux /</subfield>
         <subfield code="r">Hawley, Robert ;</subfield>
         <subfield code="r">Pardee, Dennis --</subfield>
         <subfield code="t">Two notes on the sea links between Egypt and the Hittite Empire /</subfield>
         <subfield code="r">Singer, Itamar --</subfield>
         <subfield code="t">La polysémie du copte S [Čoout] (&lt; ég. ḏwt) : de l'infamie ou de l'abjection à la dépravation et de la réprobation à l'inaptitude --</subfield>
         <subfield code="t">Amathus bilingual inscription /</subfield>
         <subfield code="r">Woudhuizen, Fred C.</subfield>
      </datafield>
      <datafield tag="505" ind1="8" ind2="0">
         <subfield code="g">Partie IV.</subfield>
         <subfield code="t">Survivance du monde hittite.</subfield>
         <subfield code="g">1.</subfield>
         <subfield code="t">Hittites dans l'Antiquité.</subfield>
         <subfield code="t">Maliya au "banquet des douze divinités" /</subfield>
         <subfield code="r">Naccaro, Hugo --</subfield>
         <subfield code="t">Étude du kukéôn d'après la lecture d'Homère /</subfield>
         <subfield code="r">Rahmani, Sabrina --</subfield>
         <subfield code="t">Néron et Agrippine sur des émissions conjointes d'Eumeneia (Phrygie) : essai d'interprétation /</subfield>
         <subfield code="r">Barbara, Sébastien --</subfield>
         <subfield code="t">Premier Hymne à Isis d'Isidoros : une structure d'ensemble soulignée par des clausules acentuelles /</subfield>
         <subfield code="r">Biraud, Michèle --</subfield>
         <subfield code="t">Agamemnon, le roi impie /</subfield>
         <subfield code="r">Faranton, Valérie --</subfield>
         <subfield code="t">Permanence de dieux louvites dans la Lycie hellénistique /</subfield>
         <subfield code="r">Lebrun, René.</subfield>
         <subfield code="g">2.</subfield>
         <subfield code="t">Hittites et le monde contemporain /</subfield>
         <subfield code="r">E. Beneviste et R.M. Rilke /</subfield>
         <subfield code="r">Bader, Françoise.</subfield>
      </datafield>
      <datafield tag="650" ind1=" " ind2="0">
         <subfield code="a">Hittites</subfield>
         <subfield code="x">Civilization.</subfield>
      </datafield>
      <datafield tag="650" ind1=" " ind2="0">
         <subfield code="a">Hittites</subfield>
         <subfield code="x">Social life and customs.</subfield>
      </datafield>
      <datafield tag="651" ind1=" " ind2="0">
         <subfield code="a">Middle East</subfield>
         <subfield code="x">Civilization.</subfield>
      </datafield>
      <datafield tag="700" ind1="1" ind2=" ">
         <subfield code="a">Freu, Jacques</subfield>
         <subfield code="e">honoree.</subfield>
      </datafield>
      <datafield tag="700" ind1="1" ind2=" ">
         <subfield code="a">Mazoyer, Michel</subfield>
         <subfield code="e">editor.</subfield>
      </datafield>
      <datafield tag="700" ind1="1" ind2=" ">
         <subfield code="a">Aufrère, Sydney</subfield>
         <subfield code="e">editor.</subfield>
      </datafield>
      <datafield tag="830" ind1=" " ind2="0">
         <subfield code="a">Collection Kubaba.</subfield>
         <subfield code="p">Série Antiquité.</subfield>
      </datafield>
      <datafield tag="994" ind1=" " ind2=" ">
         <subfield code="a">Z0</subfield>
         <subfield code="b">ZYU</subfield>
      </datafield>
      <datafield tag="OWN" ind1=" " ind2=" ">
         <subfield code="a">GENERAL</subfield>
      </datafield>
      <datafield tag="AVA" ind1=" " ind2=" ">
         <subfield code="a">NYU50</subfield>
         <subfield code="b">NISAW</subfield>
         <subfield code="c">Small Collection</subfield>
         <subfield code="d">DS66 .D38 2013</subfield>
         <subfield code="e">available</subfield>
         <subfield code="t">Available</subfield>
         <subfield code="f">1</subfield>
         <subfield code="g">0</subfield>
         <subfield code="h">N</subfield>
         <subfield code="i">0</subfield>
         <subfield code="j">SMALL</subfield>
         <subfield code="k">0</subfield>
      </datafield>
      <marc:datafield tag="852" ind1=" " ind2=" ">
         <marc:subfield code="b">Institute for the Study of the Ancient World, </marc:subfield>
         <marc:subfield code="c">Small Collection</marc:subfield>
         <marc:subfield code="e">15 East 84th St., </marc:subfield>
         <marc:subfield code="e">New York, NY  10028</marc:subfield>
      </marc:datafield>
   </record>