
  
  
  
  
  
  
 
  
  <record xsi:schemaLocation="http://www.loc.gov/MARC21/slim http://www.loc.gov/standards/marcxml/schema/MARC21slim.xsd">
      <leader>00000cam  2200553 i 4500</leader>
      <controlfield tag="FMT">BK</controlfield>
      <controlfield tag="LDR">00000cam  2200553 i 4500</controlfield>
      <controlfield tag="001">004143604</controlfield>
      <controlfield tag="003">OCoLC</controlfield>
      <controlfield tag="005">20150529162219.0</controlfield>
      <controlfield tag="008">150529t20122011ii abe   b    000 0 eng</controlfield>
      <datafield tag="010" ind1=" " ind2=" ">
         <subfield code="a">2013315496</subfield>
      </datafield>
      <datafield tag="016" ind1="7" ind2=" ">
         <subfield code="a">016223891</subfield>
         <subfield code="2">Uk</subfield>
      </datafield>
      <datafield tag="025" ind1=" " ind2=" ">
         <subfield code="a">I-E-2013-315496; 58-27</subfield>
      </datafield>
      <datafield tag="035" ind1=" " ind2=" ">
         <subfield code="a">(OCoLC)825198262</subfield>
      </datafield>
      <datafield tag="037" ind1=" " ind2=" ">
         <subfield code="b">Library of Congress -- New Delhi Overseas Office</subfield>
      </datafield>
      <datafield tag="040" ind1=" " ind2=" ">
         <subfield code="a">DLC</subfield>
         <subfield code="b">eng</subfield>
         <subfield code="e">rda</subfield>
         <subfield code="c">DLC</subfield>
         <subfield code="d">DKAGE</subfield>
         <subfield code="d">OCLCO</subfield>
         <subfield code="d">UKMGB</subfield>
         <subfield code="d">OCLCQ</subfield>
         <subfield code="d">ZCU</subfield>
         <subfield code="d">OCLCF</subfield>
         <subfield code="d">ZWZ</subfield>
         <subfield code="d">OCLCO</subfield>
         <subfield code="d">OCLCA</subfield>
         <subfield code="d">NNU</subfield>
      </datafield>
      <datafield tag="042" ind1=" " ind2=" ">
         <subfield code="a">lcode</subfield>
         <subfield code="a">pcc</subfield>
      </datafield>
      <datafield tag="043" ind1=" " ind2=" ">
         <subfield code="a">a-ii---</subfield>
      </datafield>
      <datafield tag="050" ind1="0" ind2="0">
         <subfield code="a">DS486.U295</subfield>
         <subfield code="b">T75 2012</subfield>
      </datafield>
      <datafield tag="082" ind1="0" ind2="4">
         <subfield code="a">934</subfield>
         <subfield code="2">23</subfield>
      </datafield>
      <datafield tag="100" ind1="1" ind2=" ">
         <subfield code="a">Trivedi, P. K.</subfield>
         <subfield code="q">(Pramod Kumar)</subfield>
         <subfield code="e">author.</subfield>
      </datafield>
      <datafield tag="245" ind1="1" ind2="0">
         <subfield code="a">Further excavations at Udayagiri-2, Odisha (2001-03) /</subfield>
         <subfield code="c">P.K. Trivedi.</subfield>
      </datafield>
      <datafield tag="246" ind1="3" ind2="0">
         <subfield code="a">Udayagiri-2, Odisha (2001-03)</subfield>
      </datafield>
      <datafield tag="264" ind1=" " ind2="1">
         <subfield code="a">New Delhi :</subfield>
         <subfield code="b">Archaeological Survey of India,</subfield>
         <subfield code="c">2012.</subfield>
      </datafield>
      <datafield tag="264" ind1=" " ind2="4">
         <subfield code="c">©2011</subfield>
      </datafield>
      <datafield tag="300" ind1=" " ind2=" ">
         <subfield code="a">xviii, 352 pages :</subfield>
         <subfield code="b">color illustrations, maps, plans (some folded) ;</subfield>
         <subfield code="c">29 cm.</subfield>
      </datafield>
      <datafield tag="336" ind1=" " ind2=" ">
         <subfield code="a">text</subfield>
         <subfield code="b">txt</subfield>
         <subfield code="2">rdacontent</subfield>
      </datafield>
      <datafield tag="336" ind1=" " ind2=" ">
         <subfield code="a">still image</subfield>
         <subfield code="b">sti</subfield>
         <subfield code="2">rdacontent</subfield>
      </datafield>
      <datafield tag="337" ind1=" " ind2=" ">
         <subfield code="a">unmediated</subfield>
         <subfield code="b">n</subfield>
         <subfield code="2">rdamedia</subfield>
      </datafield>
      <datafield tag="338" ind1=" " ind2=" ">
         <subfield code="a">volume</subfield>
         <subfield code="b">nc</subfield>
         <subfield code="2">rdacarrier</subfield>
      </datafield>
      <datafield tag="490" ind1="1" ind2=" ">
         <subfield code="a">Memoirs of the Archaeological Survey of India ;</subfield>
         <subfield code="v">no. 104</subfield>
      </datafield>
      <datafield tag="504" ind1=" " ind2=" ">
         <subfield code="a">Includes bibliographical references.</subfield>
      </datafield>
      <datafield tag="651" ind1=" " ind2="0">
         <subfield code="a">Udayagiri Site (India)</subfield>
      </datafield>
      <datafield tag="651" ind1=" " ind2="0">
         <subfield code="a">Udayagiri (India)</subfield>
         <subfield code="x">Antiquities.</subfield>
      </datafield>
      <datafield tag="650" ind1=" " ind2="0">
         <subfield code="a">Excavations (Archaeology)</subfield>
         <subfield code="z">India</subfield>
         <subfield code="z">Udayagiri.</subfield>
      </datafield>
      <datafield tag="650" ind1=" " ind2="0">
         <subfield code="a">Buddhist monasteries</subfield>
         <subfield code="z">India</subfield>
         <subfield code="z">Udayagiri.</subfield>
      </datafield>
      <datafield tag="650" ind1=" " ind2="7">
         <subfield code="a">Antiquities.</subfield>
         <subfield code="2">fast</subfield>
         <subfield code="0">(OCoLC)fst00810745</subfield>
      </datafield>
      <datafield tag="650" ind1=" " ind2="7">
         <subfield code="a">Excavations (Archaeology)</subfield>
         <subfield code="2">fast</subfield>
         <subfield code="0">(OCoLC)fst00917564</subfield>
      </datafield>
      <datafield tag="651" ind1=" " ind2="7">
         <subfield code="a">India</subfield>
         <subfield code="z">Udayagiri.</subfield>
         <subfield code="2">fast</subfield>
         <subfield code="0">(OCoLC)fst01269049</subfield>
      </datafield>
      <datafield tag="651" ind1=" " ind2="7">
         <subfield code="a">India</subfield>
         <subfield code="z">Udayagiri Site.</subfield>
         <subfield code="2">fast</subfield>
         <subfield code="0">(OCoLC)fst01309328</subfield>
      </datafield>
      <datafield tag="710" ind1="2" ind2=" ">
         <subfield code="a">Archaeological Survey of India</subfield>
         <subfield code="e">issuing body.</subfield>
      </datafield>
      <datafield tag="830" ind1=" " ind2="0">
         <subfield code="a">Memoirs of the Archaeological Survey of India ;</subfield>
         <subfield code="v">no. 104.</subfield>
      </datafield>
      <datafield tag="994" ind1=" " ind2=" ">
         <subfield code="a">Z0</subfield>
         <subfield code="b">ZYU</subfield>
      </datafield>
      <datafield tag="OWN" ind1=" " ind2=" ">
         <subfield code="a">GENERAL</subfield>
      </datafield>
      <datafield tag="AVA" ind1=" " ind2=" ">
         <subfield code="a">NYU50</subfield>
         <subfield code="b">NISAW</subfield>
         <subfield code="c">Large Collection</subfield>
         <subfield code="d">DS486.U295 T75 2012</subfield>
         <subfield code="e">available</subfield>
         <subfield code="t">Available</subfield>
         <subfield code="f">1</subfield>
         <subfield code="g">0</subfield>
         <subfield code="h">N</subfield>
         <subfield code="i">0</subfield>
         <subfield code="j">LARGE</subfield>
         <subfield code="k">0</subfield>
      </datafield>
      <marc:datafield tag="852" ind1=" " ind2=" ">
         <marc:subfield code="b">Institute for the Study of the Ancient World, </marc:subfield>
         <marc:subfield code="c">Large Collection</marc:subfield>
         <marc:subfield code="e">15 East 84th St., </marc:subfield>
         <marc:subfield code="e">New York, NY  10028</marc:subfield>
      </marc:datafield>
   </record>